YYYY,MM,DD,EXCH,COMMODITY,TICKER,FILESIZE,VOLUME,OPENINT,TIMESTAMP,LASTPRICE
2013,01,04,DCE,A,A1301,74465,1634.0,1974.0,14:59:59.0,4625.0
2013,01,04,DCE,A,A1303,30969,26.0,222.0,14:59:57.0,4707.0
2013,01,04,DCE,A,A1305,734942,83298.0,227566.0,15:00:00.0,4740.0
2013,01,04,DCE,A,A1307,36525,4.0,58.0,14:59:57.0,4740.0
2013,01,04,DCE,A,A1309,545847,35660.0,163634.0,14:59:59.0,4761.0
2013,01,04,DCE,A,A1311,52206,4.0,24.0,14:59:55.0,4731.0
2013,01,04,DCE,A,A1401,98410,7914.0,38458.0,14:59:58.0,4765.0
2013,01,04,DCE,A,A1403,4875,0.0,0.0,14:59:54.0,4800.0
2013,01,04,DCE,A,A1405,8270,52.0,88.0,14:59:54.0,4828.0
2013,01,07,DCE,A,A1301,1068,0.0,888.0,14:28:59.0,4625.0
2013,01,07,DCE,A,A1303,37300,18.0,228.0,14:59:56.0,4704.0
2013,01,07,DCE,A,A1305,783687,105872.0,223224.0,14:59:59.0,4731.0
2013,01,07,DCE,A,A1307,47165,4.0,56.0,14:59:56.0,4751.0
2013,01,07,DCE,A,A1309,697697,56808.0,168462.0,14:59:59.0,4746.0
2013,01,07,DCE,A,A1311,40320,6.0,28.0,14:59:50.0,4756.0
2013,01,07,DCE,A,A1401,127863,5354.0,39418.0,14:59:56.0,4765.0
2013,01,07,DCE,A,A1403,2009,0.0,0.0,14:59:25.0,4711.0
2013,01,07,DCE,A,A1405,13563,68.0,114.0,14:59:50.0,4827.0
2013,01,08,DCE,A,A1301,128003,200.0,1088.0,14:35:37.0,4622.0
2013,01,08,DCE,A,A1303,33270,8.0,228.0,14:59:57.0,4708.0
2013,01,08,DCE,A,A1305,717309,106642.0,222558.0,15:00:00.0,4739.0
2013,01,08,DCE,A,A1307,66170,12.0,62.0,14:59:58.0,4738.0
2013,01,08,DCE,A,A1309,612115,53078.0,169102.0,15:00:00.0,4757.0
2013,01,08,DCE,A,A1311,24836,4.0,28.0,14:59:56.0,4739.0
2013,01,08,DCE,A,A1401,102442,5754.0,40462.0,14:59:56.0,4780.0
2013,01,08,DCE,A,A1403,7365,0.0,0.0,14:59:53.0,4711.0
2013,01,08,DCE,A,A1405,17345,32.0,136.0,14:59:56.0,4844.0
2013,01,09,DCE,A,A1301,829,0.0,1088.0,14:08:47.0,4622.0
2013,01,09,DCE,A,A1303,22320,4.0,226.0,14:59:55.0,4707.0
2013,01,09,DCE,A,A1305,597859,44018.0,219828.0,15:00:00.0,4737.0
2013,01,09,DCE,A,A1307,35881,14.0,62.0,14:59:55.0,4753.0
2013,01,09,DCE,A,A1309,477654,28634.0,173804.0,15:00:00.0,4754.0
2013,01,09,DCE,A,A1311,13339,4.0,28.0,14:59:53.0,4770.0
2013,01,09,DCE,A,A1401,80560,2092.0,41126.0,14:59:55.0,4773.0
2013,01,09,DCE,A,A1403,2154,0.0,0.0,14:59:53.0,4711.0
2013,01,09,DCE,A,A1405,15585,34.0,140.0,14:59:54.0,4830.0
2013,01,10,DCE,A,A1301,48081,0.0,400.0,15:00:00.0,4625.0
2013,01,10,DCE,A,A1303,17933,46.0,190.0,14:59:56.0,4730.0
2013,01,10,DCE,A,A1305,461653,35326.0,214416.0,15:00:00.0,4750.0
2013,01,10,DCE,A,A1307,35293,12.0,50.0,14:59:59.0,4763.0
2013,01,10,DCE,A,A1309,366347,18006.0,175302.0,15:00:00.0,4763.0
2013,01,10,DCE,A,A1311,38348,4.0,26.0,14:59:59.0,4767.0
2013,01,10,DCE,A,A1401,71232,908.0,41052.0,14:59:56.0,4767.0
2013,01,10,DCE,A,A1403,4115,0.0,0.0,14:59:53.0,4711.0
2013,01,10,DCE,A,A1405,16469,122.0,214.0,14:59:56.0,4827.0
2013,01,11,DCE,A,A1301,372,0.0,400.0,14:01:50.0,4625.0
2013,01,11,DCE,A,A1303,42625,8.0,186.0,15:00:00.0,4736.0
2013,01,11,DCE,A,A1305,833950,144948.0,216392.0,14:59:59.0,4755.0
2013,01,11,DCE,A,A1307,60972,6.0,52.0,15:00:00.0,4764.0
2013,01,11,DCE,A,A1309,645854,57336.0,178442.0,15:00:00.0,4771.0
2013,01,11,DCE,A,A1311,50936,0.0,26.0,14:59:59.0,4767.0
2013,01,11,DCE,A,A1401,93187,1884.0,41416.0,14:59:59.0,4769.0
2013,01,11,DCE,A,A1403,2593,0.0,0.0,14:59:52.0,4711.0
2013,01,11,DCE,A,A1405,21095,58.0,254.0,14:59:58.0,4831.0
2013,01,14,DCE,A,A1301,31553,0.0,200.0,15:00:00.0,4625.0
2013,01,14,DCE,A,A1303,65236,0.0,186.0,14:59:59.0,4736.0
2013,01,14,DCE,A,A1305,760741,113530.0,216238.0,15:00:00.0,4806.0
2013,01,14,DCE,A,A1307,45053,20.0,38.0,14:59:59.0,4814.0
2013,01,14,DCE,A,A1309,636654,62106.0,174066.0,15:00:00.0,4822.0
2013,01,14,DCE,A,A1311,34657,0.0,26.0,14:59:59.0,4756.0
2013,01,14,DCE,A,A1401,79175,2940.0,42618.0,15:00:00.0,4801.0
2013,01,14,DCE,A,A1403,2901,0.0,0.0,14:59:52.0,4711.0
2013,01,14,DCE,A,A1405,23373,60.0,262.0,14:59:56.0,4858.0
2013,01,15,DCE,A,A1301,257485,0.0,200.0,14:59:57.0,4625.0
2013,01,15,DCE,A,A1303,52317,6.0,186.0,14:59:59.0,4761.0
2013,01,15,DCE,A,A1305,662225,78972.0,208246.0,14:59:59.0,4798.0
2013,01,15,DCE,A,A1307,36991,0.0,38.0,14:59:59.0,4814.0
2013,01,15,DCE,A,A1309,562007,39804.0,168874.0,14:59:59.0,4812.0
2013,01,15,DCE,A,A1311,64029,2.0,28.0,14:59:55.0,4823.0
2013,01,15,DCE,A,A1401,77078,1534.0,42770.0,14:59:59.0,4800.0
2013,01,15,DCE,A,A1403,1889,0.0,0.0,14:59:57.0,4711.0
2013,01,15,DCE,A,A1405,19548,126.0,296.0,14:59:58.0,4843.0
2013,01,16,DCE,A,A1301,247839,0.0,200.0,14:59:59.0,4625.0
2013,01,16,DCE,A,A1303,62571,8.0,182.0,14:59:58.0,4804.0
2013,01,16,DCE,A,A1305,604824,53430.0,209528.0,15:00:00.0,4813.0
2013,01,16,DCE,A,A1307,41640,0.0,38.0,14:59:59.0,4805.0
2013,01,16,DCE,A,A1309,486534,23672.0,169726.0,15:00:00.0,4829.0
2013,01,16,DCE,A,A1311,59318,2.0,26.0,14:59:56.0,4811.0
2013,01,16,DCE,A,A1401,71241,1578.0,42838.0,14:59:59.0,4818.0
2013,01,16,DCE,A,A1403,2116,0.0,0.0,14:59:52.0,4711.0
2013,01,16,DCE,A,A1405,22578,152.0,372.0,14:59:55.0,4858.0
2013,01,17,DCE,A,A1301,204556,0.0,0.0,15:00:00.0,4625.0
2013,01,17,DCE,A,A1303,60365,10.0,182.0,15:00:00.0,4771.0
2013,01,17,DCE,A,A1305,556246,44234.0,204504.0,15:00:00.0,4791.0
2013,01,17,DCE,A,A1307,36482,6.0,38.0,15:00:00.0,4793.0
2013,01,17,DCE,A,A1309,464142,24232.0,166470.0,15:00:00.0,4809.0
2013,01,17,DCE,A,A1311,51389,4.0,26.0,14:59:51.0,4810.0
2013,01,17,DCE,A,A1401,62746,1266.0,42956.0,14:59:56.0,4812.0
2013,01,17,DCE,A,A1403,3562,0.0,0.0,14:59:51.0,4711.0
2013,01,17,DCE,A,A1405,21683,146.0,406.0,14:59:56.0,4855.0
2013,01,18,DCE,A,A1303,62011,46.0,182.0,14:59:59.0,4757.0
2013,01,18,DCE,A,A1305,597213,58576.0,197668.0,15:00:00.0,4816.0
2013,01,18,DCE,A,A1307,76177,8.0,38.0,14:59:57.0,4839.0
2013,01,18,DCE,A,A1309,504057,38574.0,168940.0,15:00:00.0,4823.0
2013,01,18,DCE,A,A1311,29841,0.0,26.0,15:00:00.0,4810.0
2013,01,18,DCE,A,A1401,97390,2820.0,44028.0,14:59:56.0,4809.0
2013,01,18,DCE,A,A1403,2901,0.0,0.0,14:59:54.0,4711.0
2013,01,18,DCE,A,A1405,23433,342.0,290.0,14:59:56.0,4870.0
2013,01,18,DCE,A,A1407,4347,0.0,0.0,14:59:52.0,4851.0
2013,01,21,DCE,A,A1303,69636,134.0,236.0,14:59:56.0,4790.0
2013,01,21,DCE,A,A1305,575729,56158.0,195736.0,15:00:00.0,4827.0
2013,01,21,DCE,A,A1307,72828,12.0,32.0,14:59:58.0,4852.0
2013,01,21,DCE,A,A1309,557611,45960.0,169454.0,15:00:00.0,4834.0
2013,01,21,DCE,A,A1311,42597,0.0,26.0,14:59:56.0,4810.0
2013,01,21,DCE,A,A1401,100755,1920.0,44126.0,15:00:00.0,4818.0
2013,01,21,DCE,A,A1403,2796,4.0,0.0,14:59:51.0,4878.0
2013,01,21,DCE,A,A1405,14779,64.0,302.0,14:59:55.0,4880.0
2013,01,21,DCE,A,A1407,4507,0.0,0.0,14:59:53.0,4851.0
2013,01,22,DCE,A,A1303,50958,16.0,226.0,14:59:58.0,4779.0
2013,01,22,DCE,A,A1305,485965,44440.0,190730.0,14:59:59.0,4844.0
2013,01,22,DCE,A,A1307,46892,0.0,32.0,14:59:58.0,4852.0
2013,01,22,DCE,A,A1309,411697,26976.0,166362.0,14:59:58.0,4833.0
2013,01,22,DCE,A,A1311,15273,0.0,26.0,14:59:54.0,4810.0
2013,01,22,DCE,A,A1401,104526,2160.0,44598.0,14:59:59.0,4819.0
2013,01,22,DCE,A,A1403,1200,0.0,0.0,14:59:53.0,4878.0
2013,01,22,DCE,A,A1405,10403,16.0,304.0,14:59:54.0,4874.0
2013,01,22,DCE,A,A1407,1731,0.0,0.0,14:59:54.0,4851.0
2013,01,23,DCE,A,A1303,38487,16.0,224.0,14:59:56.0,4801.0
2013,01,23,DCE,A,A1305,354658,28486.0,184456.0,15:00:00.0,4835.0
2013,01,23,DCE,A,A1307,23618,4.0,32.0,14:59:55.0,4835.0
2013,01,23,DCE,A,A1309,367996,22948.0,166906.0,14:59:58.0,4821.0
2013,01,23,DCE,A,A1311,28260,10.0,30.0,14:59:59.0,4810.0
2013,01,23,DCE,A,A1401,81338,1458.0,44354.0,14:59:57.0,4806.0
2013,01,23,DCE,A,A1403,4592,0.0,0.0,14:59:53.0,4792.0
2013,01,23,DCE,A,A1405,14019,52.0,308.0,14:59:53.0,4866.0
2013,01,23,DCE,A,A1407,1412,0.0,0.0,14:59:53.0,4851.0
2013,01,24,DCE,A,A1303,25429,26.0,222.0,14:59:57.0,4780.0
2013,01,24,DCE,A,A1305,463949,43014.0,179290.0,14:59:59.0,4819.0
2013,01,24,DCE,A,A1307,56058,2.0,34.0,14:59:59.0,4816.0
2013,01,24,DCE,A,A1309,470271,39874.0,162280.0,14:59:59.0,4784.0
2013,01,24,DCE,A,A1311,43799,0.0,30.0,14:59:57.0,4810.0
2013,01,24,DCE,A,A1401,203967,5930.0,43480.0,14:59:59.0,4770.0
2013,01,24,DCE,A,A1403,4080,0.0,0.0,14:59:53.0,4792.0
2013,01,24,DCE,A,A1405,22217,98.0,366.0,14:59:56.0,4841.0
2013,01,24,DCE,A,A1407,2802,12.0,0.0,14:59:53.0,4863.0
2013,01,25,DCE,A,A1303,17516,8.0,218.0,14:59:56.0,4771.0
2013,01,25,DCE,A,A1305,465709,58236.0,172606.0,15:00:00.0,4832.0
2013,01,25,DCE,A,A1307,58057,4.0,34.0,14:59:56.0,4829.0
2013,01,25,DCE,A,A1309,375223,29874.0,161866.0,15:00:00.0,4786.0
2013,01,25,DCE,A,A1311,63605,0.0,30.0,14:59:59.0,4814.0
2013,01,25,DCE,A,A1401,92674,1976.0,43258.0,15:00:00.0,4771.0
2013,01,25,DCE,A,A1403,3603,0.0,0.0,14:59:53.0,4792.0
2013,01,25,DCE,A,A1405,9726,76.0,386.0,15:00:00.0,4835.0
2013,01,25,DCE,A,A1407,1734,0.0,0.0,14:59:52.0,4863.0
2013,01,28,DCE,A,A1303,42071,0.0,218.0,14:59:59.0,4771.0
2013,01,28,DCE,A,A1305,315260,33410.0,162716.0,15:00:00.0,4851.0
2013,01,28,DCE,A,A1307,44604,10.0,36.0,14:59:59.0,4840.0
2013,01,28,DCE,A,A1309,317712,21646.0,160958.0,15:00:00.0,4819.0
2013,01,28,DCE,A,A1311,57176,0.0,30.0,14:59:59.0,4814.0
2013,01,28,DCE,A,A1401,72686,1618.0,43844.0,15:00:00.0,4789.0
2013,01,28,DCE,A,A1403,13355,0.0,0.0,14:59:56.0,4792.0
2013,01,28,DCE,A,A1405,11063,46.0,416.0,14:59:57.0,4843.0
2013,01,28,DCE,A,A1407,9911,0.0,0.0,14:59:56.0,4834.0
2013,01,29,DCE,A,A1303,32838,8.0,224.0,14:59:56.0,4791.0
2013,01,29,DCE,A,A1305,265124,22650.0,161704.0,15:00:00.0,4847.0
2013,01,29,DCE,A,A1307,29167,14.0,30.0,14:59:56.0,4839.0
2013,01,29,DCE,A,A1309,308563,20200.0,161468.0,15:00:00.0,4812.0
2013,01,29,DCE,A,A1311,41214,0.0,30.0,14:59:59.0,4814.0
2013,01,29,DCE,A,A1401,81298,2516.0,43234.0,15:00:00.0,4775.0
2013,01,29,DCE,A,A1403,17896,0.0,0.0,14:59:56.0,4792.0
2013,01,29,DCE,A,A1405,17404,100.0,454.0,14:59:56.0,4836.0
2013,01,29,DCE,A,A1407,12073,0.0,0.0,14:59:56.0,4834.0
2013,01,30,DCE,A,A1303,27055,78.0,160.0,14:59:59.0,4800.0
2013,01,30,DCE,A,A1305,390340,38098.0,158402.0,15:00:00.0,4862.0
2013,01,30,DCE,A,A1307,28190,8.0,26.0,14:59:59.0,4855.0
2013,01,30,DCE,A,A1309,396409,27030.0,157106.0,14:59:59.0,4837.0
2013,01,30,DCE,A,A1311,40501,2.0,32.0,14:59:56.0,4797.0
2013,01,30,DCE,A,A1401,119563,4050.0,44382.0,14:59:59.0,4786.0
2013,01,30,DCE,A,A1403,24626,0.0,0.0,14:59:54.0,4792.0
2013,01,30,DCE,A,A1405,16965,80.0,454.0,14:59:54.0,4852.0
2013,01,30,DCE,A,A1407,11429,0.0,0.0,14:59:54.0,4834.0
2013,01,31,DCE,A,A1303,23372,2.0,160.0,14:59:27.0,4800.0
2013,01,31,DCE,A,A1305,422886,39410.0,150030.0,15:00:00.0,4855.0
2013,01,31,DCE,A,A1307,48775,10.0,26.0,14:59:56.0,4851.0
2013,01,31,DCE,A,A1309,440327,37474.0,155102.0,15:00:00.0,4838.0
2013,01,31,DCE,A,A1311,56708,14.0,24.0,14:59:54.0,4800.0
2013,01,31,DCE,A,A1401,101960,4142.0,46406.0,15:00:00.0,4789.0
2013,01,31,DCE,A,A1403,24433,0.0,0.0,14:59:54.0,4792.0
2013,01,31,DCE,A,A1405,12184,138.0,516.0,14:59:58.0,4853.0
2013,01,31,DCE,A,A1407,15731,0.0,0.0,14:59:51.0,4834.0
2013,01,04,DCE,B,B1301,87,0,0,0,0
2013,01,04,DCE,B,B1303,6924,8.0,2.0,14:58:03.0,4900.0
2013,01,04,DCE,B,B1305,23744,148.0,124.0,14:59:59.0,4674.0
2013,01,04,DCE,B,B1307,5970,2.0,2.0,14:56:52.0,4466.0
2013,01,04,DCE,B,B1309,8457,0.0,32.0,14:56:51.0,4724.0
2013,01,04,DCE,B,B1311,2477,0.0,4.0,14:59:19.0,4725.0
2013,01,07,DCE,B,B1301,87,0,0,0,0
2013,01,07,DCE,B,B1303,4380,0.0,2.0,14:59:52.0,4900.0
2013,01,07,DCE,B,B1305,21412,12.0,130.0,14:57:37.0,4667.0
2013,01,07,DCE,B,B1307,2929,0.0,2.0,14:59:46.0,4466.0
2013,01,07,DCE,B,B1309,11481,2.0,32.0,14:59:55.0,4700.0
2013,01,07,DCE,B,B1311,3913,0.0,4.0,14:57:39.0,4725.0
2013,01,08,DCE,B,B1301,87,0,0,0,0
2013,01,08,DCE,B,B1303,4645,0.0,2.0,14:57:57.0,4782.0
2013,01,08,DCE,B,B1305,19050,22.0,138.0,14:59:59.0,4664.0
2013,01,08,DCE,B,B1307,1769,0.0,2.0,14:57:59.0,4466.0
2013,01,08,DCE,B,B1309,14883,6.0,36.0,14:59:02.0,4709.0
2013,01,08,DCE,B,B1311,4486,2.0,2.0,14:57:59.0,4700.0
2013,01,09,DCE,B,B1301,87,0,0,0,0
2013,01,09,DCE,B,B1303,3055,0.0,2.0,14:57:49.0,4782.0
2013,01,09,DCE,B,B1305,16699,32.0,168.0,14:59:59.0,4655.0
2013,01,09,DCE,B,B1307,3785,0.0,2.0,14:57:51.0,4466.0
2013,01,09,DCE,B,B1309,11913,6.0,38.0,14:57:52.0,4686.0
2013,01,09,DCE,B,B1311,5811,2.0,2.0,14:58:20.0,4694.0
2013,01,10,DCE,B,B1301,87,0,0,0,0
2013,01,10,DCE,B,B1303,3850,0.0,2.0,14:58:32.0,4782.0
2013,01,10,DCE,B,B1305,14241,6.0,168.0,14:59:57.0,4640.0
2013,01,10,DCE,B,B1307,3010,0.0,2.0,14:58:26.0,4466.0
2013,01,10,DCE,B,B1309,10887,2.0,38.0,14:59:37.0,4684.0
2013,01,10,DCE,B,B1311,4592,0.0,2.0,14:58:56.0,4694.0
2013,01,11,DCE,B,B1301,87,0,0,0,0
2013,01,11,DCE,B,B1303,3850,0.0,2.0,14:59:48.0,4782.0
2013,01,11,DCE,B,B1305,20107,14.0,176.0,14:59:49.0,4668.0
2013,01,11,DCE,B,B1307,3335,0.0,2.0,14:58:20.0,4466.0
2013,01,11,DCE,B,B1309,18609,2.0,40.0,14:59:49.0,4679.0
2013,01,11,DCE,B,B1311,4486,0.0,2.0,14:59:48.0,4694.0
2013,01,14,DCE,B,B1301,87,0,0,0,0
2013,01,14,DCE,B,B1303,2578,0.0,2.0,14:58:58.0,4782.0
2013,01,14,DCE,B,B1305,12718,28.0,196.0,14:59:44.0,4657.0
2013,01,14,DCE,B,B1307,899,2.0,2.0,14:56:41.0,4466.0
2013,01,14,DCE,B,B1309,8673,4.0,42.0,14:59:33.0,4693.0
2013,01,14,DCE,B,B1311,4168,0.0,2.0,14:59:33.0,4694.0
2013,01,15,DCE,B,B1301,87,0,0,0,0
2013,01,15,DCE,B,B1303,670,0.0,2.0,14:56:27.0,4782.0
2013,01,15,DCE,B,B1305,5565,4.0,200.0,14:56:28.0,4669.0
2013,01,15,DCE,B,B1307,1518,0.0,2.0,14:56:14.0,4466.0
2013,01,15,DCE,B,B1309,8835,0.0,42.0,14:57:25.0,4693.0
2013,01,15,DCE,B,B1311,2636,0.0,2.0,14:56:15.0,4694.0
2013,01,16,DCE,B,B1301,87,0,0,0,0
2013,01,16,DCE,B,B1303,2472,0.0,2.0,14:56:14.0,4782.0
2013,01,16,DCE,B,B1305,6316,4.0,204.0,14:59:59.0,4655.0
2013,01,16,DCE,B,B1307,319,0.0,2.0,14:56:16.0,4466.0
2013,01,16,DCE,B,B1309,8997,2.0,42.0,14:58:13.0,4700.0
2013,01,16,DCE,B,B1311,4221,0.0,2.0,14:56:18.0,4694.0
2013,01,17,DCE,B,B1301,87,0,0,0,0
2013,01,17,DCE,B,B1303,4539,0.0,2.0,14:59:42.0,4782.0
2013,01,17,DCE,B,B1305,8326,46.0,224.0,14:58:36.0,4645.0
2013,01,17,DCE,B,B1307,420,0.0,2.0,14:55:21.0,4466.0
2013,01,17,DCE,B,B1309,11481,0.0,42.0,14:59:42.0,4700.0
2013,01,17,DCE,B,B1311,3214,0.0,2.0,14:59:40.0,4694.0
2013,01,18,DCE,B,B1303,34807,0.0,2.0,14:59:35.0,4782.0
2013,01,18,DCE,B,B1305,7846,6.0,224.0,14:59:59.0,4645.0
2013,01,18,DCE,B,B1307,1875,2.0,4.0,14:56:34.0,4644.0
2013,01,18,DCE,B,B1309,8252,10.0,42.0,14:59:35.0,4676.0
2013,01,18,DCE,B,B1311,24149,0.0,2.0,14:59:56.0,4694.0
2013,01,18,DCE,B,B1401,624,0.0,0.0,11:05:44.0,4700.0
2013,01,21,DCE,B,B1303,2419,0.0,2.0,14:59:47.0,4782.0
2013,01,21,DCE,B,B1305,8609,14.0,224.0,14:59:46.0,4631.0
2013,01,21,DCE,B,B1307,3532,0.0,4.0,14:59:49.0,4644.0
2013,01,21,DCE,B,B1309,10941,6.0,40.0,14:59:53.0,4695.0
2013,01,21,DCE,B,B1311,3585,0.0,2.0,14:59:47.0,4694.0
2013,01,21,DCE,B,B1401,695,0.0,0.0,10:44:08.0,4700.0
2013,01,22,DCE,B,B1303,2366,0.0,2.0,14:57:47.0,4782.0
2013,01,22,DCE,B,B1305,14115,0.0,224.0,14:59:06.0,4631.0
2013,01,22,DCE,B,B1307,1995,0.0,4.0,14:57:47.0,4644.0
2013,01,22,DCE,B,B1309,12507,0.0,40.0,14:59:05.0,4695.0
2013,01,22,DCE,B,B1311,3108,0.0,2.0,14:57:47.0,4694.0
2013,01,22,DCE,B,B1401,464,0.0,0.0,09:12:48.0,4700.0
2013,01,23,DCE,B,B1303,3533,2.0,2.0,14:55:22.0,4595.0
2013,01,23,DCE,B,B1305,8283,0.0,224.0,14:59:13.0,4627.0
2013,01,23,DCE,B,B1307,5828,14.0,4.0,14:58:53.0,4690.0
2013,01,23,DCE,B,B1309,11049,0.0,40.0,14:59:45.0,4695.0
2013,01,23,DCE,B,B1311,2154,0.0,2.0,14:55:19.0,4694.0
2013,01,23,DCE,B,B1401,3280,4.0,0.0,14:56:16.0,4680.0
2013,01,24,DCE,B,B1303,887,0.0,2.0,14:57:01.0,4595.0
2013,01,24,DCE,B,B1305,5542,4.0,224.0,14:58:11.0,4619.0
2013,01,24,DCE,B,B1307,2313,0.0,4.0,14:59:11.0,4690.0
2013,01,24,DCE,B,B1309,11265,2.0,38.0,14:58:32.0,4679.0
2013,01,24,DCE,B,B1311,2896,0.0,2.0,14:57:11.0,4694.0
2013,01,24,DCE,B,B1401,461,0.0,0.0,14:58:23.0,4680.0
2013,01,25,DCE,B,B1303,415,0.0,2.0,14:56:02.0,4595.0
2013,01,25,DCE,B,B1305,21428,0.0,224.0,14:59:59.0,4619.0
2013,01,25,DCE,B,B1307,1147,0.0,4.0,14:56:00.0,4664.0
2013,01,25,DCE,B,B1309,15369,0.0,38.0,14:57:25.0,4679.0
2013,01,25,DCE,B,B1311,2101,0.0,2.0,14:57:18.0,4694.0
2013,01,25,DCE,B,B1401,670,0.0,0.0,14:55:58.0,4740.0
2013,01,28,DCE,B,B1303,7777,0.0,2.0,13:53:02.0,4595.0
2013,01,28,DCE,B,B1305,6137,0.0,224.0,14:59:39.0,4604.0
2013,01,28,DCE,B,B1307,892,0.0,4.0,13:53:14.0,4664.0
2013,01,28,DCE,B,B1309,11481,0.0,38.0,14:59:19.0,4679.0
2013,01,28,DCE,B,B1311,1995,0.0,2.0,14:57:36.0,4694.0
2013,01,28,DCE,B,B1401,458,0.0,0.0,13:53:13.0,4740.0
2013,01,29,DCE,B,B1303,6828,0.0,2.0,14:56:17.0,4595.0
2013,01,29,DCE,B,B1305,2727,0.0,224.0,14:56:26.0,4604.0
2013,01,29,DCE,B,B1307,4168,4.0,4.0,14:56:23.0,4660.0
2013,01,29,DCE,B,B1309,14235,4.0,36.0,14:59:31.0,4684.0
2013,01,29,DCE,B,B1311,3161,0.0,2.0,14:56:22.0,4694.0
2013,01,29,DCE,B,B1401,564,0.0,0.0,14:56:21.0,4740.0
2013,01,30,DCE,B,B1303,6848,0.0,2.0,14:58:06.0,4595.0
2013,01,30,DCE,B,B1305,12813,14.0,224.0,14:59:54.0,4626.0
2013,01,30,DCE,B,B1307,3956,0.0,4.0,14:58:03.0,4660.0
2013,01,30,DCE,B,B1309,55815,2.0,36.0,14:59:56.0,4696.0
2013,01,30,DCE,B,B1311,3691,0.0,2.0,14:59:37.0,4694.0
2013,01,30,DCE,B,B1401,352,0.0,0.0,14:56:01.0,4740.0
2013,01,31,DCE,B,B1303,1437,0.0,2.0,14:56:50.0,4595.0
2013,01,31,DCE,B,B1305,16267,14.0,224.0,14:59:59.0,4635.0
2013,01,31,DCE,B,B1307,1318,0.0,4.0,14:59:34.0,4675.0
2013,01,31,DCE,B,B1309,63861,0.0,36.0,14:59:54.0,4696.0
2013,01,31,DCE,B,B1311,4877,0.0,2.0,14:59:40.0,4694.0
2013,01,31,DCE,B,B1401,3068,16.0,8.0,14:59:58.0,4680.0
2013,01,04,DCE,C,C1301,1793,7510.0,3970.0,14:56:19.0,2310.0
2013,01,04,DCE,C,C1303,12689,118.0,276.0,14:59:57.0,2365.0
2013,01,04,DCE,C,C1305,446802,91620.0,267328.0,15:00:00.0,2446.0
2013,01,04,DCE,C,C1307,7873,26.0,162.0,14:59:55.0,2466.0
2013,01,04,DCE,C,C1309,220948,32794.0,117956.0,14:59:59.0,2505.0
2013,01,04,DCE,C,C1311,8407,2.0,66.0,14:59:54.0,2467.0
2013,01,07,DCE,C,C1301,1330,1502.0,4044.0,14:04:47.0,2315.0
2013,01,07,DCE,C,C1303,9732,72.0,302.0,14:59:54.0,2368.0
2013,01,07,DCE,C,C1305,447788,50224.0,264112.0,14:59:59.0,2445.0
2013,01,07,DCE,C,C1307,2852,14.0,174.0,14:59:54.0,2469.0
2013,01,07,DCE,C,C1309,252906,25134.0,123648.0,14:59:59.0,2501.0
2013,01,07,DCE,C,C1311,8977,22.0,66.0,14:59:58.0,2464.0
2013,01,08,DCE,C,C1301,1013,2.0,3806.0,14:36:28.0,2309.0
2013,01,08,DCE,C,C1303,13849,120.0,292.0,14:59:54.0,2376.0
2013,01,08,DCE,C,C1305,550305,124930.0,281932.0,15:00:00.0,2456.0
2013,01,08,DCE,C,C1307,4638,20.0,176.0,14:59:55.0,2474.0
2013,01,08,DCE,C,C1309,230690,28024.0,129626.0,15:00:00.0,2505.0
2013,01,08,DCE,C,C1311,8461,10.0,74.0,14:59:55.0,2469.0
2013,01,09,DCE,C,C1301,639,0.0,1402.0,14:59:35.0,2309.0
2013,01,09,DCE,C,C1303,13823,1718.0,292.0,14:59:53.0,2379.0
2013,01,09,DCE,C,C1305,580223,132728.0,279048.0,15:00:00.0,2444.0
2013,01,09,DCE,C,C1307,12439,38.0,192.0,14:59:53.0,2473.0
2013,01,09,DCE,C,C1309,223026,38012.0,136910.0,14:59:59.0,2490.0
2013,01,09,DCE,C,C1311,15873,16.0,70.0,14:59:55.0,2462.0
2013,01,10,DCE,C,C1301,332,4.0,2.0,08:59:00.0,2309.0
2013,01,10,DCE,C,C1303,18994,110.0,288.0,14:59:54.0,2371.0
2013,01,10,DCE,C,C1305,424117,50784.0,271250.0,15:00:00.0,2445.0
2013,01,10,DCE,C,C1307,7074,8.0,198.0,14:59:54.0,2466.0
2013,01,10,DCE,C,C1309,311719,55938.0,146250.0,15:00:00.0,2484.0
2013,01,10,DCE,C,C1311,16090,16.0,68.0,14:59:57.0,2456.0
2013,01,11,DCE,C,C1301,379,0.0,2.0,10:12:31.0,2309.0
2013,01,11,DCE,C,C1303,12380,26.0,288.0,14:59:57.0,2367.0
2013,01,11,DCE,C,C1305,402035,50524.0,263566.0,14:59:59.0,2438.0
2013,01,11,DCE,C,C1307,9382,4.0,198.0,14:59:57.0,2469.0
2013,01,11,DCE,C,C1309,220617,30138.0,145246.0,14:59:59.0,2481.0
2013,01,11,DCE,C,C1311,16033,40.0,90.0,14:59:57.0,2450.0
2013,01,14,DCE,C,C1301,87,0,0,0,0
2013,01,14,DCE,C,C1303,14279,2.0,288.0,14:59:56.0,2366.0
2013,01,14,DCE,C,C1305,572807,102254.0,275276.0,15:00:00.0,2434.0
2013,01,14,DCE,C,C1307,18355,22.0,200.0,14:59:56.0,2462.0
2013,01,14,DCE,C,C1309,332716,68366.0,162196.0,15:00:00.0,2470.0
2013,01,14,DCE,C,C1311,10320,38.0,108.0,14:59:56.0,2446.0
2013,01,15,DCE,C,C1301,87,0,0,0,0
2013,01,15,DCE,C,C1303,13757,14.0,292.0,14:59:55.0,2364.0
2013,01,15,DCE,C,C1305,443491,59178.0,272328.0,14:59:59.0,2434.0
2013,01,15,DCE,C,C1307,17632,2.0,200.0,14:59:57.0,2466.0
2013,01,15,DCE,C,C1309,251065,32900.0,162458.0,15:00:00.0,2467.0
2013,01,15,DCE,C,C1311,16948,80.0,112.0,14:59:55.0,2454.0
2013,01,16,DCE,C,C1301,87,0,0,0,0
2013,01,16,DCE,C,C1303,22065,148.0,290.0,14:59:56.0,2358.0
2013,01,16,DCE,C,C1305,327046,34832.0,270462.0,14:59:59.0,2435.0
2013,01,16,DCE,C,C1307,10152,6.0,202.0,14:59:56.0,2466.0
2013,01,16,DCE,C,C1309,147961,13752.0,164878.0,14:59:59.0,2470.0
2013,01,16,DCE,C,C1311,11032,6.0,112.0,14:59:56.0,2453.0
2013,01,17,DCE,C,C1301,87,0,0,0,0
2013,01,17,DCE,C,C1303,14990,74.0,270.0,14:59:56.0,2366.0
2013,01,17,DCE,C,C1305,516254,88926.0,281810.0,15:00:00.0,2431.0
2013,01,17,DCE,C,C1307,9810,60.0,188.0,14:59:56.0,2461.0
2013,01,17,DCE,C,C1309,265188,31886.0,168180.0,14:59:59.0,2470.0
2013,01,17,DCE,C,C1311,20723,14.0,106.0,14:59:56.0,2454.0
2013,01,18,DCE,C,C1303,28312,38.0,268.0,14:59:57.0,2369.0
2013,01,18,DCE,C,C1305,329192,38760.0,272274.0,15:00:00.0,2434.0
2013,01,18,DCE,C,C1307,8997,4.0,188.0,14:59:57.0,2464.0
2013,01,18,DCE,C,C1309,177794,18318.0,169318.0,15:00:00.0,2477.0
2013,01,18,DCE,C,C1311,9379,18.0,114.0,14:59:54.0,2449.0
2013,01,18,DCE,C,C1401,39523,2670.0,1878.0,14:59:54.0,2388.0
2013,01,21,DCE,C,C1303,22267,28.0,264.0,14:59:56.0,2358.0
2013,01,21,DCE,C,C1305,345688,35148.0,270580.0,15:00:00.0,2427.0
2013,01,21,DCE,C,C1307,12004,14.0,184.0,14:59:56.0,2457.0
2013,01,21,DCE,C,C1309,226607,28994.0,183482.0,14:59:59.0,2468.0
2013,01,21,DCE,C,C1311,16060,80.0,104.0,14:59:59.0,2427.0
2013,01,21,DCE,C,C1401,27898,1386.0,2742.0,15:00:00.0,2387.0
2013,01,22,DCE,C,C1303,19974,60.0,258.0,14:59:56.0,2362.0
2013,01,22,DCE,C,C1305,335293,30682.0,266826.0,15:00:00.0,2426.0
2013,01,22,DCE,C,C1307,11362,2.0,182.0,15:00:00.0,2458.0
2013,01,22,DCE,C,C1309,177890,19468.0,182204.0,14:59:59.0,2469.0
2013,01,22,DCE,C,C1311,8785,28.0,112.0,14:59:56.0,2432.0
2013,01,22,DCE,C,C1401,21590,396.0,2938.0,14:59:59.0,2393.0
2013,01,23,DCE,C,C1303,9367,10.0,260.0,14:59:55.0,2361.0
2013,01,23,DCE,C,C1305,266202,30676.0,264376.0,14:59:59.0,2427.0
2013,01,23,DCE,C,C1307,9602,0.0,182.0,14:59:55.0,2458.0
2013,01,23,DCE,C,C1309,242538,41612.0,187938.0,14:59:59.0,2467.0
2013,01,23,DCE,C,C1311,11145,28.0,102.0,14:59:55.0,2431.0
2013,01,23,DCE,C,C1401,20251,640.0,3216.0,14:59:59.0,2397.0
2013,01,24,DCE,C,C1303,14751,50.0,244.0,14:59:58.0,2357.0
2013,01,24,DCE,C,C1305,371956,67404.0,262582.0,15:00:00.0,2417.0
2013,01,24,DCE,C,C1307,10922,8.0,180.0,14:59:57.0,2451.0
2013,01,24,DCE,C,C1309,350669,65404.0,209622.0,14:59:59.0,2454.0
2013,01,24,DCE,C,C1311,14334,4.0,104.0,14:59:58.0,2423.0
2013,01,24,DCE,C,C1401,34673,1508.0,4332.0,14:59:53.0,2381.0
2013,01,25,DCE,C,C1303,9217,8.0,240.0,14:59:56.0,2356.0
2013,01,25,DCE,C,C1305,248612,19518.0,258318.0,15:00:00.0,2419.0
2013,01,25,DCE,C,C1307,11665,22.0,180.0,14:59:56.0,2452.0
2013,01,25,DCE,C,C1309,221181,30530.0,217048.0,15:00:00.0,2460.0
2013,01,25,DCE,C,C1311,9987,2.0,104.0,14:59:56.0,2426.0
2013,01,25,DCE,C,C1401,21400,1636.0,5770.0,15:00:00.0,2382.0
2013,01,28,DCE,C,C1303,14397,30.0,228.0,14:59:56.0,2358.0
2013,01,28,DCE,C,C1305,219204,25606.0,259144.0,15:00:00.0,2424.0
2013,01,28,DCE,C,C1307,10207,6.0,180.0,14:59:56.0,2447.0
2013,01,28,DCE,C,C1309,207187,26388.0,221858.0,15:00:00.0,2463.0
2013,01,28,DCE,C,C1311,5642,4.0,102.0,14:59:56.0,2421.0
2013,01,28,DCE,C,C1401,11285,188.0,5776.0,15:00:00.0,2384.0
2013,01,29,DCE,C,C1303,11912,2.0,228.0,14:59:56.0,2360.0
2013,01,29,DCE,C,C1305,232967,27328.0,252976.0,15:00:00.0,2422.0
2013,01,29,DCE,C,C1307,6742,8.0,182.0,14:59:53.0,2454.0
2013,01,29,DCE,C,C1309,202672,29078.0,225964.0,14:59:59.0,2466.0
2013,01,29,DCE,C,C1311,7654,10.0,102.0,14:59:53.0,2423.0
2013,01,29,DCE,C,C1401,15284,216.0,5792.0,14:59:58.0,2385.0
2013,01,30,DCE,C,C1303,16541,40.0,228.0,14:59:56.0,2362.0
2013,01,30,DCE,C,C1305,242004,30598.0,244132.0,14:59:59.0,2424.0
2013,01,30,DCE,C,C1307,9860,22.0,192.0,14:59:56.0,2455.0
2013,01,30,DCE,C,C1309,269715,39604.0,223970.0,14:59:59.0,2468.0
2013,01,30,DCE,C,C1311,14341,94.0,84.0,14:59:53.0,2438.0
2013,01,30,DCE,C,C1401,17520,696.0,5926.0,14:59:59.0,2390.0
2013,01,31,DCE,C,C1303,16994,34.0,228.0,14:59:07.0,2369.0
2013,01,31,DCE,C,C1305,205668,21892.0,235662.0,15:00:00.0,2424.0
2013,01,31,DCE,C,C1307,14924,28.0,180.0,14:59:55.0,2460.0
2013,01,31,DCE,C,C1309,254205,41626.0,227370.0,15:00:00.0,2474.0
2013,01,31,DCE,C,C1311,6351,6.0,90.0,14:59:54.0,2438.0
2013,01,31,DCE,C,C1401,24992,1482.0,6386.0,15:00:00.0,2394.0
2013,01,04,DCE,J,J1301,2344,42.0,600.0,14:54:41.0,1618.0
2013,01,04,DCE,J,J1302,44595,0.0,4.0,14:59:49.0,1651.0
2013,01,04,DCE,J,J1303,150290,0.0,2.0,14:59:59.0,1706.0
2013,01,04,DCE,J,J1304,105725,12.0,6.0,14:59:59.0,1837.0
2013,01,04,DCE,J,J1305,1658467,906888.0,150162.0,15:00:00.0,1839.0
2013,01,04,DCE,J,J1306,173188,40.0,26.0,14:59:59.0,1848.0
2013,01,04,DCE,J,J1307,118308,4.0,2.0,14:59:51.0,1840.0
2013,01,04,DCE,J,J1308,87639,4.0,4.0,14:59:51.0,1873.0
2013,01,04,DCE,J,J1309,318080,8334.0,4270.0,15:00:00.0,1901.0
2013,01,04,DCE,J,J1310,278590,0.0,6.0,14:59:51.0,1860.0
2013,01,04,DCE,J,J1311,123145,10.0,10.0,14:59:51.0,1884.0
2013,01,04,DCE,J,J1312,179328,0.0,0.0,14:59:51.0,1830.0
2013,01,07,DCE,J,J1301,1060,22.0,600.0,13:53:15.0,1680.0
2013,01,07,DCE,J,J1302,49993,0.0,4.0,14:59:46.0,1651.0
2013,01,07,DCE,J,J1303,115878,0.0,2.0,14:59:55.0,1706.0
2013,01,07,DCE,J,J1304,107213,12.0,6.0,14:59:51.0,1831.0
2013,01,07,DCE,J,J1305,1656081,1016276.0,156320.0,15:00:00.0,1816.0
2013,01,07,DCE,J,J1306,113552,232.0,10.0,14:59:56.0,1823.0
2013,01,07,DCE,J,J1307,221538,12.0,2.0,14:59:59.0,1832.0
2013,01,07,DCE,J,J1308,246212,2.0,2.0,14:59:52.0,1873.0
2013,01,07,DCE,J,J1309,392673,10530.0,5268.0,14:59:58.0,1887.0
2013,01,07,DCE,J,J1310,223928,6.0,10.0,14:59:52.0,1901.0
2013,01,07,DCE,J,J1311,231336,10.0,16.0,14:59:50.0,1901.0
2013,01,07,DCE,J,J1312,120854,4.0,2.0,14:59:51.0,1900.0
2013,01,08,DCE,J,J1301,798,0.0,600.0,14:50:24.0,1680.0
2013,01,08,DCE,J,J1302,42350,0.0,4.0,14:59:53.0,1651.0
2013,01,08,DCE,J,J1303,142992,0.0,2.0,14:59:51.0,1706.0
2013,01,08,DCE,J,J1304,121660,16.0,4.0,14:59:59.0,1832.0
2013,01,08,DCE,J,J1305,1695934,1166254.0,149620.0,15:00:00.0,1833.0
2013,01,08,DCE,J,J1306,79625,26.0,12.0,15:00:00.0,1840.0
2013,01,08,DCE,J,J1307,170547,0.0,2.0,14:59:52.0,1832.0
2013,01,08,DCE,J,J1308,232053,0.0,2.0,14:59:54.0,1873.0
2013,01,08,DCE,J,J1309,439197,9762.0,5270.0,14:59:59.0,1888.0
2013,01,08,DCE,J,J1310,260247,2.0,8.0,14:59:58.0,1879.0
2013,01,08,DCE,J,J1311,137514,10.0,18.0,14:59:58.0,1901.0
2013,01,08,DCE,J,J1312,216473,0.0,2.0,14:59:51.0,1900.0
2013,01,09,DCE,J,J1301,385,20.0,600.0,14:12:54.0,1760.0
2013,01,09,DCE,J,J1302,38347,0.0,4.0,14:59:40.0,1651.0
2013,01,09,DCE,J,J1303,129295,0.0,2.0,14:59:52.0,1706.0
2013,01,09,DCE,J,J1304,114668,16.0,2.0,14:59:59.0,1810.0
2013,01,09,DCE,J,J1305,1674538,1023590.0,148216.0,15:00:00.0,1813.0
2013,01,09,DCE,J,J1306,79189,38.0,10.0,14:59:59.0,1817.0
2013,01,09,DCE,J,J1307,171634,4.0,2.0,14:59:57.0,1807.0
2013,01,09,DCE,J,J1308,250236,0.0,2.0,14:59:51.0,1873.0
2013,01,09,DCE,J,J1309,418100,11418.0,6292.0,15:00:00.0,1868.0
2013,01,09,DCE,J,J1310,262790,0.0,8.0,14:59:51.0,1879.0
2013,01,09,DCE,J,J1311,226286,6.0,16.0,14:59:53.0,1896.0
2013,01,09,DCE,J,J1312,110612,6.0,2.0,14:59:52.0,1893.0
2013,01,10,DCE,J,J1301,49704,20.0,600.0,14:59:48.0,1680.0
2013,01,10,DCE,J,J1302,11455,0.0,4.0,14:50:09.0,1651.0
2013,01,10,DCE,J,J1303,90676,0.0,2.0,14:59:51.0,1706.0
2013,01,10,DCE,J,J1304,114108,0.0,2.0,14:59:59.0,1810.0
2013,01,10,DCE,J,J1305,1650309,916750.0,145464.0,15:00:00.0,1809.0
2013,01,10,DCE,J,J1306,65325,16.0,10.0,14:59:57.0,1812.0
2013,01,10,DCE,J,J1307,273448,4.0,0.0,14:59:53.0,1835.0
2013,01,10,DCE,J,J1308,291755,0.0,2.0,14:59:54.0,1873.0
2013,01,10,DCE,J,J1309,430030,8902.0,7496.0,15:00:00.0,1865.0
2013,01,10,DCE,J,J1310,236030,0.0,8.0,14:59:54.0,1879.0
2013,01,10,DCE,J,J1311,110805,24.0,8.0,14:59:53.0,1878.0
2013,01,10,DCE,J,J1312,245853,0.0,2.0,14:59:58.0,1893.0
2013,01,11,DCE,J,J1301,57637,20.0,600.0,14:59:14.0,1685.0
2013,01,11,DCE,J,J1302,9670,0.0,4.0,14:59:07.0,1651.0
2013,01,11,DCE,J,J1303,89289,0.0,2.0,14:59:16.0,1706.0
2013,01,11,DCE,J,J1304,87824,6.0,0.0,14:59:51.0,1782.0
2013,01,11,DCE,J,J1305,1672130,1067364.0,138014.0,15:00:00.0,1763.0
2013,01,11,DCE,J,J1306,87501,62.0,10.0,14:59:57.0,1776.0
2013,01,11,DCE,J,J1307,273846,0.0,0.0,14:59:50.0,1835.0
2013,01,11,DCE,J,J1308,137626,6.0,2.0,14:59:50.0,1799.0
2013,01,11,DCE,J,J1309,458699,11252.0,8872.0,14:59:59.0,1811.0
2013,01,11,DCE,J,J1310,296389,0.0,8.0,14:59:50.0,1879.0
2013,01,11,DCE,J,J1311,324393,0.0,8.0,14:59:59.0,1878.0
2013,01,11,DCE,J,J1312,220620,2.0,2.0,14:59:50.0,1896.0
2013,01,14,DCE,J,J1301,319,0.0,600.0,09:19:29.0,1685.0
2013,01,14,DCE,J,J1302,19022,2.0,2.0,14:59:22.0,1717.0
2013,01,14,DCE,J,J1303,96512,0.0,2.0,14:59:59.0,1706.0
2013,01,14,DCE,J,J1304,155083,34.0,4.0,15:00:00.0,1831.0
2013,01,14,DCE,J,J1305,1721940,1515978.0,167290.0,15:00:00.0,1826.0
2013,01,14,DCE,J,J1306,134327,44.0,26.0,14:59:59.0,1836.0
2013,01,14,DCE,J,J1307,184323,0.0,0.0,14:59:51.0,1842.0
2013,01,14,DCE,J,J1308,222746,0.0,2.0,14:59:51.0,1799.0
2013,01,14,DCE,J,J1309,629937,22060.0,11324.0,15:00:00.0,1875.0
2013,01,14,DCE,J,J1310,172039,8.0,10.0,14:59:51.0,1883.0
2013,01,14,DCE,J,J1311,222507,8.0,6.0,14:59:54.0,1883.0
2013,01,14,DCE,J,J1312,183840,0.0,2.0,14:59:51.0,1896.0
2013,01,15,DCE,J,J1301,270,0.0,600.0,09:08:17.0,1685.0
2013,01,15,DCE,J,J1302,5133,0.0,2.0,14:27:48.0,1717.0
2013,01,15,DCE,J,J1303,90475,0.0,2.0,14:59:59.0,1706.0
2013,01,15,DCE,J,J1304,31902,8.0,4.0,14:59:59.0,1800.0
2013,01,15,DCE,J,J1305,1679399,1105384.0,165224.0,15:00:00.0,1808.0
2013,01,15,DCE,J,J1306,105222,66.0,20.0,14:59:59.0,1817.0
2013,01,15,DCE,J,J1307,247029,0.0,0.0,14:59:53.0,1842.0
2013,01,15,DCE,J,J1308,256319,0.0,2.0,14:59:51.0,1811.0
2013,01,15,DCE,J,J1309,538770,14170.0,11744.0,14:59:59.0,1856.0
2013,01,15,DCE,J,J1310,208539,0.0,10.0,14:59:53.0,1883.0
2013,01,15,DCE,J,J1311,244573,0.0,6.0,14:59:54.0,1883.0
2013,01,15,DCE,J,J1312,253523,0.0,2.0,14:59:53.0,1896.0
2013,01,16,DCE,J,J1301,1511,120.0,600.0,14:58:19.0,1600.0
2013,01,16,DCE,J,J1302,8483,0.0,2.0,14:59:51.0,1717.0
2013,01,16,DCE,J,J1303,71210,0.0,2.0,14:59:52.0,1706.0
2013,01,16,DCE,J,J1304,140689,14.0,6.0,14:59:58.0,1787.0
2013,01,16,DCE,J,J1305,1700335,1193316.0,156412.0,15:00:00.0,1787.0
2013,01,16,DCE,J,J1306,137307,142.0,8.0,14:59:59.0,1793.0
2013,01,16,DCE,J,J1307,262860,6.0,0.0,14:59:51.0,1807.0
2013,01,16,DCE,J,J1308,248402,0.0,2.0,14:59:54.0,1811.0
2013,01,16,DCE,J,J1309,571252,16108.0,12304.0,14:59:59.0,1841.0
2013,01,16,DCE,J,J1310,282107,4.0,8.0,15:00:00.0,1846.0
2013,01,16,DCE,J,J1311,270715,0.0,6.0,14:59:59.0,1883.0
2013,01,16,DCE,J,J1312,215206,0.0,2.0,14:59:51.0,1896.0
2013,01,17,DCE,J,J1301,4231,320.0,0.0,14:56:56.0,1630.0
2013,01,17,DCE,J,J1302,14075,2.0,2.0,14:58:09.0,1680.0
2013,01,17,DCE,J,J1303,126915,0.0,2.0,14:59:36.0,1706.0
2013,01,17,DCE,J,J1304,115911,6.0,2.0,14:59:59.0,1793.0
2013,01,17,DCE,J,J1305,1684807,1111024.0,202402.0,15:00:00.0,1818.0
2013,01,17,DCE,J,J1306,160824,22.0,10.0,15:00:00.0,1791.0
2013,01,17,DCE,J,J1307,202398,4.0,2.0,14:59:51.0,1810.0
2013,01,17,DCE,J,J1308,230890,38.0,6.0,14:59:56.0,1840.0
2013,01,17,DCE,J,J1309,568764,15932.0,13834.0,15:00:00.0,1863.0
2013,01,17,DCE,J,J1310,228025,6.0,8.0,14:59:52.0,1849.0
2013,01,17,DCE,J,J1311,282934,0.0,6.0,14:59:51.0,1883.0
2013,01,17,DCE,J,J1312,168643,0.0,2.0,14:59:51.0,1896.0
2013,01,18,DCE,J,J1302,24024,6.0,2.0,14:59:38.0,1700.0
2013,01,18,DCE,J,J1303,1876,6.0,2.0,14:48:51.0,1774.0
2013,01,18,DCE,J,J1304,107703,0.0,2.0,14:59:59.0,1793.0
2013,01,18,DCE,J,J1305,1725619,1476788.0,221106.0,15:00:01.0,1865.0
2013,01,18,DCE,J,J1306,87478,196.0,20.0,15:00:00.0,1848.0
2013,01,18,DCE,J,J1307,242377,8.0,2.0,14:59:51.0,1835.0
2013,01,18,DCE,J,J1308,259502,4.0,2.0,14:59:51.0,1855.0
2013,01,18,DCE,J,J1309,606260,19188.0,14926.0,15:00:00.0,1916.0
2013,01,18,DCE,J,J1310,303157,2.0,10.0,14:59:53.0,1913.0
2013,01,18,DCE,J,J1311,235581,2.0,8.0,14:59:51.0,1895.0
2013,01,18,DCE,J,J1312,254020,2.0,0.0,14:59:51.0,1901.0
2013,01,18,DCE,J,J1401,84463,6.0,4.0,15:00:00.0,1905.0
2013,01,21,DCE,J,J1302,609,0.0,2.0,14:59:50.0,1700.0
2013,01,21,DCE,J,J1303,204077,12.0,6.0,14:59:56.0,1761.0
2013,01,21,DCE,J,J1304,18758,8.0,6.0,14:59:50.0,1856.0
2013,01,21,DCE,J,J1305,1686208,1283254.0,216306.0,15:00:00.0,1864.0
2013,01,21,DCE,J,J1306,111175,90.0,16.0,14:59:59.0,1883.0
2013,01,21,DCE,J,J1307,106017,2.0,0.0,15:00:00.0,1900.0
2013,01,21,DCE,J,J1308,232800,0.0,2.0,14:59:52.0,1855.0
2013,01,21,DCE,J,J1309,645186,22894.0,16644.0,15:00:00.0,1914.0
2013,01,21,DCE,J,J1310,166135,8.0,4.0,15:00:00.0,1923.0
2013,01,21,DCE,J,J1311,196000,8.0,8.0,14:59:51.0,1939.0
2013,01,21,DCE,J,J1312,284674,0.0,0.0,15:00:00.0,1901.0
2013,01,21,DCE,J,J1401,119231,16.0,12.0,14:59:54.0,1936.0
2013,01,22,DCE,J,J1302,319,0.0,2.0,11:05:36.0,1707.0
2013,01,22,DCE,J,J1303,52103,8.0,2.0,14:59:18.0,1790.0
2013,01,22,DCE,J,J1304,106485,80.0,10.0,14:59:59.0,1859.0
2013,01,22,DCE,J,J1305,1734429,1361254.0,191102.0,15:00:00.0,1871.0
2013,01,22,DCE,J,J1306,53127,50.0,14.0,14:59:59.0,1861.0
2013,01,22,DCE,J,J1307,251392,0.0,0.0,14:59:52.0,1900.0
2013,01,22,DCE,J,J1308,271865,0.0,2.0,14:59:55.0,1855.0
2013,01,22,DCE,J,J1309,643026,20822.0,17256.0,15:00:00.0,1922.0
2013,01,22,DCE,J,J1310,216352,2.0,4.0,14:59:52.0,1907.0
2013,01,22,DCE,J,J1311,188432,0.0,8.0,14:59:52.0,1939.0
2013,01,22,DCE,J,J1312,285942,0.0,0.0,14:59:52.0,1901.0
2013,01,22,DCE,J,J1401,88282,12.0,16.0,14:59:53.0,1944.0
2013,01,23,DCE,J,J1302,319,0.0,2.0,11:21:28.0,1707.0
2013,01,23,DCE,J,J1303,106602,0.0,2.0,14:59:41.0,1790.0
2013,01,23,DCE,J,J1304,39926,32.0,24.0,14:59:58.0,1864.0
2013,01,23,DCE,J,J1305,1671150,1034876.0,205076.0,15:00:00.0,1881.0
2013,01,23,DCE,J,J1306,59589,50.0,24.0,14:59:59.0,1869.0
2013,01,23,DCE,J,J1307,218293,0.0,0.0,14:59:53.0,1900.0
2013,01,23,DCE,J,J1308,247675,0.0,2.0,14:59:54.0,1855.0
2013,01,23,DCE,J,J1309,692194,30298.0,18376.0,15:00:00.0,1942.0
2013,01,23,DCE,J,J1310,258125,0.0,4.0,14:59:50.0,1907.0
2013,01,23,DCE,J,J1311,233837,2.0,8.0,14:59:52.0,1931.0
2013,01,23,DCE,J,J1312,291724,0.0,0.0,14:59:50.0,1901.0
2013,01,23,DCE,J,J1401,73882,20.0,24.0,14:59:58.0,1955.0
2013,01,24,DCE,J,J1302,783,2.0,2.0,14:24:56.0,1639.0
2013,01,24,DCE,J,J1303,106429,0.0,2.0,14:59:55.0,1801.0
2013,01,24,DCE,J,J1304,50969,34.0,6.0,14:59:56.0,1835.0
2013,01,24,DCE,J,J1305,1709075,1271828.0,192420.0,15:00:00.0,1865.0
2013,01,24,DCE,J,J1306,77262,140.0,38.0,14:59:59.0,1866.0
2013,01,24,DCE,J,J1307,261914,0.0,0.0,14:59:55.0,1900.0
2013,01,24,DCE,J,J1308,265419,10.0,4.0,14:59:55.0,1898.0
2013,01,24,DCE,J,J1309,746492,32376.0,18066.0,14:59:59.0,1922.0
2013,01,24,DCE,J,J1310,305626,18.0,4.0,14:59:54.0,1918.0
2013,01,24,DCE,J,J1311,150988,0.0,8.0,14:59:58.0,1931.0
2013,01,24,DCE,J,J1312,286626,0.0,0.0,14:59:54.0,1901.0
2013,01,24,DCE,J,J1401,82405,26.0,22.0,14:59:55.0,1947.0
2013,01,25,DCE,J,J1302,531,0.0,2.0,09:45:18.0,1639.0
2013,01,25,DCE,J,J1303,85688,16.0,2.0,14:59:55.0,1790.0
2013,01,25,DCE,J,J1304,90084,146.0,4.0,14:59:51.0,1869.0
2013,01,25,DCE,J,J1305,1663128,892776.0,193876.0,15:00:00.0,1872.0
2013,01,25,DCE,J,J1306,59521,52.0,16.0,14:59:59.0,1880.0
2013,01,25,DCE,J,J1307,263396,0.0,0.0,14:59:51.0,1900.0
2013,01,25,DCE,J,J1308,262057,4.0,2.0,14:59:51.0,1896.0
2013,01,25,DCE,J,J1309,602307,23650.0,19730.0,15:00:00.0,1924.0
2013,01,25,DCE,J,J1310,199534,6.0,6.0,15:00:00.0,1913.0
2013,01,25,DCE,J,J1311,168059,2.0,8.0,14:59:59.0,1927.0
2013,01,25,DCE,J,J1312,271256,0.0,0.0,14:59:57.0,1901.0
2013,01,25,DCE,J,J1401,35104,16.0,26.0,14:59:58.0,1943.0
2013,01,28,DCE,J,J1302,599,6.0,0.0,14:44:25.0,1639.0
2013,01,28,DCE,J,J1303,86201,0.0,2.0,14:59:46.0,1790.0
2013,01,28,DCE,J,J1304,33444,0.0,4.0,14:59:59.0,1869.0
2013,01,28,DCE,J,J1305,1544436,587890.0,185234.0,15:00:00.0,1869.0
2013,01,28,DCE,J,J1306,49572,10.0,16.0,15:00:00.0,1866.0
2013,01,28,DCE,J,J1307,240341,0.0,0.0,14:59:51.0,1900.0
2013,01,28,DCE,J,J1308,103972,8.0,4.0,14:59:59.0,1876.0
2013,01,28,DCE,J,J1309,543777,22376.0,21678.0,15:00:00.0,1932.0
2013,01,28,DCE,J,J1310,261021,8.0,4.0,14:59:52.0,1956.0
2013,01,28,DCE,J,J1311,286148,0.0,8.0,15:00:00.0,1927.0
2013,01,28,DCE,J,J1312,279473,0.0,0.0,14:59:50.0,1901.0
2013,01,28,DCE,J,J1401,28491,16.0,22.0,15:00:00.0,1957.0
2013,01,29,DCE,J,J1302,87,0,0,0,0
2013,01,29,DCE,J,J1303,90217,28.0,2.0,14:59:58.0,1780.0
2013,01,29,DCE,J,J1304,52913,42.0,6.0,14:59:59.0,1872.0
2013,01,29,DCE,J,J1305,1629337,833934.0,196620.0,15:00:00.0,1886.0
2013,01,29,DCE,J,J1306,110644,48.0,32.0,14:59:59.0,1890.0
2013,01,29,DCE,J,J1307,266399,0.0,0.0,15:00:00.0,1900.0
2013,01,29,DCE,J,J1308,60269,4.0,2.0,14:59:50.0,1918.0
2013,01,29,DCE,J,J1309,739000,42584.0,24838.0,15:00:00.0,1949.0
2013,01,29,DCE,J,J1310,284856,0.0,4.0,14:59:51.0,1956.0
2013,01,29,DCE,J,J1311,296064,0.0,8.0,14:59:52.0,1927.0
2013,01,29,DCE,J,J1312,233350,0.0,0.0,14:59:50.0,1901.0
2013,01,29,DCE,J,J1401,29638,20.0,26.0,15:00:00.0,1973.0
2013,01,30,DCE,J,J1302,87,0,0,0,0
2013,01,30,DCE,J,J1303,79611,0.0,2.0,14:59:55.0,1780.0
2013,01,30,DCE,J,J1304,30265,28.0,6.0,14:59:58.0,1881.0
2013,01,30,DCE,J,J1305,1535883,678416.0,186058.0,15:00:00.0,1885.0
2013,01,30,DCE,J,J1306,109482,16.0,30.0,14:59:59.0,1896.0
2013,01,30,DCE,J,J1307,253319,10.0,2.0,14:59:51.0,1917.0
2013,01,30,DCE,J,J1308,217321,2.0,2.0,14:59:51.0,1918.0
2013,01,30,DCE,J,J1309,581202,26310.0,24880.0,15:00:00.0,1949.0
2013,01,30,DCE,J,J1310,294062,0.0,4.0,14:59:51.0,1931.0
2013,01,30,DCE,J,J1311,267757,0.0,8.0,14:59:57.0,1927.0
2013,01,30,DCE,J,J1312,265258,0.0,0.0,14:59:51.0,1901.0
2013,01,30,DCE,J,J1401,32541,8.0,26.0,14:59:59.0,1976.0
2013,01,31,DCE,J,J1302,87,0,0,0,0
2013,01,31,DCE,J,J1303,81217,0.0,2.0,14:59:40.0,1811.0
2013,01,31,DCE,J,J1304,30516,298.0,10.0,14:59:59.0,1890.0
2013,01,31,DCE,J,J1305,1514223,581438.0,186356.0,15:00:00.0,1902.0
2013,01,31,DCE,J,J1306,101510,42.0,32.0,15:00:00.0,1903.0
2013,01,31,DCE,J,J1307,223073,0.0,2.0,15:00:00.0,1917.0
2013,01,31,DCE,J,J1308,218689,0.0,2.0,15:00:00.0,1918.0
2013,01,31,DCE,J,J1309,559203,21240.0,24712.0,15:00:00.0,1962.0
2013,01,31,DCE,J,J1310,264943,2.0,6.0,14:59:54.0,1931.0
2013,01,31,DCE,J,J1311,264598,0.0,8.0,15:00:00.0,1927.0
2013,01,31,DCE,J,J1312,243993,0.0,0.0,14:59:50.0,1901.0
2013,01,31,DCE,J,J1401,23642,4.0,28.0,14:59:59.0,1976.0
2013,01,04,DCE,L,L1301,9082,34.0,2038.0,14:59:48.0,11380.0
2013,01,04,DCE,L,L1302,16136,14.0,132.0,14:59:56.0,11190.0
2013,01,04,DCE,L,L1303,30360,6.0,828.0,14:59:56.0,11180.0
2013,01,04,DCE,L,L1304,73329,0.0,210.0,14:59:58.0,11010.0
2013,01,04,DCE,L,L1305,1123784,232104.0,265934.0,15:00:00.0,10880.0
2013,01,04,DCE,L,L1306,23893,6.0,82.0,15:00:00.0,10825.0
2013,01,04,DCE,L,L1307,9125,0.0,0.0,14:59:58.0,10500.0
2013,01,04,DCE,L,L1308,27200,0.0,0.0,14:59:58.0,10425.0
2013,01,04,DCE,L,L1309,434221,27528.0,34582.0,15:00:00.0,10865.0
2013,01,04,DCE,L,L1310,56546,0.0,2.0,14:59:55.0,10345.0
2013,01,04,DCE,L,L1311,1887,0.0,0.0,14:59:55.0,10160.0
2013,01,04,DCE,L,L1312,13935,0.0,2.0,14:59:55.0,10550.0
2013,01,07,DCE,L,L1301,2130,44.0,2020.0,14:56:37.0,11240.0
2013,01,07,DCE,L,L1302,3116,4.0,128.0,14:59:56.0,11350.0
2013,01,07,DCE,L,L1303,31827,58.0,818.0,14:59:59.0,11300.0
2013,01,07,DCE,L,L1304,57772,32.0,218.0,14:59:59.0,11085.0
2013,01,07,DCE,L,L1305,1426399,597098.0,275556.0,14:59:59.0,10930.0
2013,01,07,DCE,L,L1306,93586,38.0,86.0,14:59:59.0,10865.0
2013,01,07,DCE,L,L1307,6707,0.0,0.0,14:59:59.0,10500.0
2013,01,07,DCE,L,L1308,13152,0.0,0.0,14:59:56.0,10425.0
2013,01,07,DCE,L,L1309,570755,40058.0,36518.0,14:59:59.0,10900.0
2013,01,07,DCE,L,L1310,12020,0.0,2.0,14:59:59.0,10345.0
2013,01,07,DCE,L,L1311,1727,0.0,0.0,14:59:22.0,10160.0
2013,01,07,DCE,L,L1312,5883,0.0,2.0,14:59:56.0,10550.0
2013,01,08,DCE,L,L1301,1785,100.0,1936.0,14:44:44.0,11240.0
2013,01,08,DCE,L,L1302,9737,30.0,104.0,14:59:59.0,11265.0
2013,01,08,DCE,L,L1303,52135,58.0,814.0,14:59:56.0,11175.0
2013,01,08,DCE,L,L1304,61152,10.0,214.0,14:59:56.0,10945.0
2013,01,08,DCE,L,L1305,1426186,532374.0,262246.0,15:00:00.0,10755.0
2013,01,08,DCE,L,L1306,45386,50.0,76.0,14:59:59.0,10700.0
2013,01,08,DCE,L,L1307,10714,0.0,0.0,14:59:59.0,10500.0
2013,01,08,DCE,L,L1308,73264,0.0,0.0,14:59:59.0,10425.0
2013,01,08,DCE,L,L1309,608895,43430.0,37698.0,15:00:00.0,10710.0
2013,01,08,DCE,L,L1310,66847,0.0,2.0,14:59:56.0,10345.0
2013,01,08,DCE,L,L1311,3147,0.0,0.0,14:59:56.0,10160.0
2013,01,08,DCE,L,L1312,5067,0.0,2.0,14:59:56.0,10550.0
2013,01,09,DCE,L,L1301,2491,156.0,1868.0,14:17:00.0,11260.0
2013,01,09,DCE,L,L1302,10877,150.0,168.0,14:59:51.0,11150.0
2013,01,09,DCE,L,L1303,46885,14.0,814.0,14:59:56.0,11145.0
2013,01,09,DCE,L,L1304,81122,16.0,212.0,14:59:57.0,10935.0
2013,01,09,DCE,L,L1305,1336820,448678.0,242294.0,15:00:00.0,10715.0
2013,01,09,DCE,L,L1306,33732,22.0,74.0,14:59:59.0,10675.0
2013,01,09,DCE,L,L1307,11112,0.0,0.0,14:59:59.0,10500.0
2013,01,09,DCE,L,L1308,52858,0.0,0.0,14:59:59.0,10425.0
2013,01,09,DCE,L,L1309,542128,34892.0,40468.0,15:00:00.0,10635.0
2013,01,09,DCE,L,L1310,72900,0.0,2.0,14:59:55.0,10345.0
2013,01,09,DCE,L,L1311,2247,0.0,0.0,14:59:51.0,10160.0
2013,01,09,DCE,L,L1312,10455,0.0,2.0,14:59:55.0,10550.0
2013,01,10,DCE,L,L1301,3828,4.0,1866.0,14:59:47.0,11205.0
2013,01,10,DCE,L,L1302,10452,24.0,168.0,14:59:56.0,11100.0
2013,01,10,DCE,L,L1303,31857,24.0,818.0,14:59:57.0,11100.0
2013,01,10,DCE,L,L1304,86650,2.0,212.0,14:59:57.0,10830.0
2013,01,10,DCE,L,L1305,1129536,263232.0,226166.0,15:00:00.0,10735.0
2013,01,10,DCE,L,L1306,37620,12.0,74.0,14:59:59.0,10645.0
2013,01,10,DCE,L,L1307,11555,0.0,0.0,14:59:59.0,10500.0
2013,01,10,DCE,L,L1308,40628,0.0,0.0,14:59:59.0,10425.0
2013,01,10,DCE,L,L1309,336677,18470.0,37380.0,15:00:00.0,10655.0
2013,01,10,DCE,L,L1310,52542,0.0,2.0,14:59:57.0,10345.0
2013,01,10,DCE,L,L1311,2243,0.0,0.0,14:59:55.0,10160.0
2013,01,10,DCE,L,L1312,15655,0.0,2.0,14:59:57.0,10550.0
2013,01,11,DCE,L,L1301,5783,2.0,1864.0,14:59:45.0,10970.0
2013,01,11,DCE,L,L1302,24814,4.0,164.0,14:59:57.0,10995.0
2013,01,11,DCE,L,L1303,39647,38.0,808.0,14:59:56.0,11040.0
2013,01,11,DCE,L,L1304,93299,28.0,214.0,14:59:59.0,10790.0
2013,01,11,DCE,L,L1305,1349110,474256.0,212364.0,15:00:00.0,10570.0
2013,01,11,DCE,L,L1306,63386,62.0,76.0,14:59:59.0,10480.0
2013,01,11,DCE,L,L1307,29760,0.0,0.0,14:59:59.0,10500.0
2013,01,11,DCE,L,L1308,89376,0.0,0.0,14:59:59.0,10425.0
2013,01,11,DCE,L,L1309,472585,24292.0,38212.0,14:59:59.0,10525.0
2013,01,11,DCE,L,L1310,78587,6.0,6.0,14:59:46.0,10625.0
2013,01,11,DCE,L,L1311,7405,0.0,0.0,14:59:57.0,10160.0
2013,01,11,DCE,L,L1312,30775,0.0,2.0,14:59:57.0,10550.0
2013,01,14,DCE,L,L1301,9439,100.0,1864.0,14:59:57.0,11000.0
2013,01,14,DCE,L,L1302,10023,0.0,164.0,14:59:56.0,10995.0
2013,01,14,DCE,L,L1303,40276,86.0,786.0,14:59:57.0,11015.0
2013,01,14,DCE,L,L1304,70027,10.0,214.0,14:59:59.0,10780.0
2013,01,14,DCE,L,L1305,1359940,455536.0,210338.0,15:00:00.0,10650.0
2013,01,14,DCE,L,L1306,50868,0.0,76.0,14:59:56.0,10480.0
2013,01,14,DCE,L,L1307,13052,0.0,0.0,14:59:59.0,10500.0
2013,01,14,DCE,L,L1308,69921,0.0,0.0,14:59:59.0,10425.0
2013,01,14,DCE,L,L1309,489491,27806.0,43614.0,15:00:00.0,10610.0
2013,01,14,DCE,L,L1310,50774,2.0,8.0,14:59:57.0,10580.0
2013,01,14,DCE,L,L1311,4407,0.0,0.0,14:59:57.0,10160.0
2013,01,14,DCE,L,L1312,26183,0.0,2.0,14:59:57.0,10550.0
2013,01,15,DCE,L,L1301,1791,40.0,1864.0,14:59:55.0,11200.0
2013,01,15,DCE,L,L1302,12195,30.0,164.0,14:59:55.0,10910.0
2013,01,15,DCE,L,L1303,16780,26.0,786.0,14:59:56.0,11045.0
2013,01,15,DCE,L,L1304,65029,86.0,198.0,14:59:59.0,10860.0
2013,01,15,DCE,L,L1305,1543225,889802.0,217000.0,15:00:00.0,10645.0
2013,01,15,DCE,L,L1306,64464,16.0,72.0,14:59:59.0,10530.0
2013,01,15,DCE,L,L1307,15262,0.0,0.0,14:59:59.0,10500.0
2013,01,15,DCE,L,L1308,59156,0.0,0.0,14:59:59.0,10425.0
2013,01,15,DCE,L,L1309,543782,33916.0,42388.0,14:59:59.0,10575.0
2013,01,15,DCE,L,L1310,61610,0.0,8.0,14:59:54.0,10580.0
2013,01,15,DCE,L,L1311,6627,0.0,0.0,14:59:55.0,10160.0
2013,01,15,DCE,L,L1312,25568,4.0,2.0,14:59:56.0,10575.0
2013,01,16,DCE,L,L1301,18374,18.0,1864.0,14:59:48.0,11185.0
2013,01,16,DCE,L,L1302,6849,0.0,164.0,14:59:56.0,10910.0
2013,01,16,DCE,L,L1303,21906,50.0,766.0,14:59:59.0,11000.0
2013,01,16,DCE,L,L1304,64231,10.0,196.0,14:59:59.0,10835.0
2013,01,16,DCE,L,L1305,1533763,746406.0,220850.0,15:00:00.0,10635.0
2013,01,16,DCE,L,L1306,48380,66.0,72.0,14:59:59.0,10505.0
2013,01,16,DCE,L,L1307,29388,0.0,0.0,14:59:56.0,10500.0
2013,01,16,DCE,L,L1308,83074,0.0,0.0,14:59:59.0,10425.0
2013,01,16,DCE,L,L1309,542545,28682.0,41580.0,14:59:59.0,10550.0
2013,01,16,DCE,L,L1310,103261,0.0,8.0,14:59:56.0,10580.0
2013,01,16,DCE,L,L1311,9747,0.0,0.0,14:59:56.0,10160.0
2013,01,16,DCE,L,L1312,19635,2.0,2.0,14:59:56.0,10625.0
2013,01,17,DCE,L,L1301,2655,86.0,0.0,14:58:34.0,11090.0
2013,01,17,DCE,L,L1302,7091,24.0,164.0,14:59:56.0,10890.0
2013,01,17,DCE,L,L1303,24691,42.0,778.0,14:59:58.0,10975.0
2013,01,17,DCE,L,L1304,53449,0.0,196.0,14:59:58.0,10835.0
2013,01,17,DCE,L,L1305,1181503,281162.0,208866.0,15:00:00.0,10650.0
2013,01,17,DCE,L,L1306,28127,10.0,76.0,14:59:58.0,10565.0
2013,01,17,DCE,L,L1307,16010,0.0,0.0,14:59:58.0,10500.0
2013,01,17,DCE,L,L1308,76336,0.0,0.0,14:59:58.0,10425.0
2013,01,17,DCE,L,L1309,359409,17180.0,41204.0,14:59:59.0,10590.0
2013,01,17,DCE,L,L1310,88572,0.0,8.0,15:00:00.0,10580.0
2013,01,17,DCE,L,L1311,2487,0.0,0.0,14:59:56.0,10160.0
2013,01,17,DCE,L,L1312,5071,0.0,2.0,14:59:56.0,10625.0
2013,01,18,DCE,L,L1302,1045,0.0,164.0,14:59:57.0,10890.0
2013,01,18,DCE,L,L1303,29552,4.0,780.0,14:59:59.0,10955.0
2013,01,18,DCE,L,L1304,64445,0.0,196.0,14:59:59.0,10775.0
2013,01,18,DCE,L,L1305,1321021,456838.0,210174.0,15:00:00.0,10780.0
2013,01,18,DCE,L,L1306,42612,6.0,70.0,14:59:59.0,10625.0
2013,01,18,DCE,L,L1307,13726,0.0,0.0,14:59:59.0,10500.0
2013,01,18,DCE,L,L1308,66255,0.0,0.0,14:59:59.0,10425.0
2013,01,18,DCE,L,L1309,414081,25074.0,39530.0,15:00:00.0,10700.0
2013,01,18,DCE,L,L1310,62703,2.0,6.0,14:59:57.0,10690.0
2013,01,18,DCE,L,L1311,9987,0.0,0.0,14:59:57.0,10160.0
2013,01,18,DCE,L,L1312,7815,0.0,2.0,14:59:57.0,10625.0
2013,01,18,DCE,L,L1401,23757,0.0,0.0,14:59:51.0,10570.0
2013,01,21,DCE,L,L1302,8371,0.0,164.0,14:59:56.0,10870.0
2013,01,21,DCE,L,L1303,17466,8.0,774.0,14:59:56.0,10985.0
2013,01,21,DCE,L,L1304,16686,0.0,196.0,14:59:59.0,10775.0
2013,01,21,DCE,L,L1305,941475,200854.0,199132.0,15:00:00.0,10710.0
2013,01,21,DCE,L,L1306,30903,16.0,70.0,15:00:00.0,10620.0
2013,01,21,DCE,L,L1307,9328,0.0,0.0,14:59:56.0,10500.0
2013,01,21,DCE,L,L1308,45619,0.0,0.0,14:59:59.0,10425.0
2013,01,21,DCE,L,L1309,333691,13950.0,39066.0,15:00:00.0,10640.0
2013,01,21,DCE,L,L1310,82020,0.0,6.0,14:59:54.0,10690.0
2013,01,21,DCE,L,L1311,1047,0.0,0.0,14:59:56.0,10160.0
2013,01,21,DCE,L,L1312,7143,0.0,2.0,14:59:56.0,10625.0
2013,01,21,DCE,L,L1401,25242,70.0,32.0,14:59:59.0,10615.0
2013,01,22,DCE,L,L1302,2306,0.0,164.0,14:59:56.0,10870.0
2013,01,22,DCE,L,L1303,16453,0.0,774.0,14:59:56.0,10985.0
2013,01,22,DCE,L,L1304,17162,0.0,196.0,14:59:59.0,10775.0
2013,01,22,DCE,L,L1305,1095882,253650.0,200704.0,15:00:00.0,10755.0
2013,01,22,DCE,L,L1306,38426,2.0,70.0,14:59:59.0,10640.0
2013,01,22,DCE,L,L1307,15732,0.0,0.0,14:59:59.0,10500.0
2013,01,22,DCE,L,L1308,57721,0.0,0.0,14:59:59.0,10425.0
2013,01,22,DCE,L,L1309,362126,14754.0,38958.0,14:59:58.0,10675.0
2013,01,22,DCE,L,L1310,92098,0.0,6.0,14:59:58.0,10690.0
2013,01,22,DCE,L,L1311,7767,0.0,0.0,14:59:54.0,10160.0
2013,01,22,DCE,L,L1312,6807,0.0,2.0,14:59:56.0,10625.0
2013,01,22,DCE,L,L1401,82511,18.0,46.0,14:59:56.0,10660.0
2013,01,23,DCE,L,L1302,15549,42.0,160.0,14:59:56.0,10990.0
2013,01,23,DCE,L,L1303,23822,204.0,636.0,14:59:59.0,11070.0
2013,01,23,DCE,L,L1304,19374,0.0,196.0,15:00:00.0,10775.0
2013,01,23,DCE,L,L1305,996512,196750.0,207252.0,15:00:00.0,10770.0
2013,01,23,DCE,L,L1306,40173,2.0,70.0,14:59:59.0,10645.0
2013,01,23,DCE,L,L1307,8504,0.0,0.0,14:59:55.0,10500.0
2013,01,23,DCE,L,L1308,42463,0.0,0.0,14:59:59.0,10425.0
2013,01,23,DCE,L,L1309,310319,20654.0,44416.0,15:00:00.0,10670.0
2013,01,23,DCE,L,L1310,65706,8.0,6.0,14:59:59.0,10610.0
2013,01,23,DCE,L,L1311,5967,0.0,0.0,14:59:55.0,10160.0
2013,01,23,DCE,L,L1312,5127,0.0,2.0,14:59:55.0,10625.0
2013,01,23,DCE,L,L1401,27705,12.0,58.0,14:59:56.0,10640.0
2013,01,24,DCE,L,L1302,4843,0.0,160.0,14:59:57.0,10990.0
2013,01,24,DCE,L,L1303,25013,16.0,636.0,14:59:59.0,10965.0
2013,01,24,DCE,L,L1304,18854,0.0,196.0,15:00:00.0,10775.0
2013,01,24,DCE,L,L1305,1252828,368240.0,208878.0,15:00:00.0,10700.0
2013,01,24,DCE,L,L1306,59571,42.0,72.0,14:59:59.0,10540.0
2013,01,24,DCE,L,L1307,24649,0.0,0.0,14:59:59.0,10500.0
2013,01,24,DCE,L,L1308,86142,0.0,0.0,14:59:59.0,10425.0
2013,01,24,DCE,L,L1309,456488,29714.0,44400.0,14:59:59.0,10630.0
2013,01,24,DCE,L,L1310,69255,0.0,6.0,14:59:59.0,10610.0
2013,01,24,DCE,L,L1311,9867,0.0,0.0,14:59:57.0,10160.0
2013,01,24,DCE,L,L1312,10615,0.0,2.0,14:59:57.0,10625.0
2013,01,24,DCE,L,L1401,49532,12.0,62.0,14:59:58.0,10585.0
2013,01,25,DCE,L,L1302,10249,0.0,160.0,14:59:56.0,10985.0
2013,01,25,DCE,L,L1303,7680,2.0,636.0,14:59:56.0,11090.0
2013,01,25,DCE,L,L1304,8627,0.0,196.0,14:59:59.0,10775.0
2013,01,25,DCE,L,L1305,951083,185574.0,193400.0,15:00:00.0,10740.0
2013,01,25,DCE,L,L1306,36268,0.0,72.0,14:59:59.0,10540.0
2013,01,25,DCE,L,L1307,9740,0.0,0.0,14:59:59.0,10500.0
2013,01,25,DCE,L,L1308,49801,0.0,0.0,14:59:59.0,10425.0
2013,01,25,DCE,L,L1309,291886,14910.0,44478.0,15:00:00.0,10685.0
2013,01,25,DCE,L,L1310,77538,0.0,6.0,14:59:58.0,10675.0
2013,01,25,DCE,L,L1311,10167,0.0,0.0,14:59:56.0,10160.0
2013,01,25,DCE,L,L1312,5743,0.0,2.0,14:59:56.0,10625.0
2013,01,25,DCE,L,L1401,20559,12.0,64.0,15:00:00.0,10705.0
2013,01,28,DCE,L,L1302,21552,0.0,160.0,14:59:59.0,10985.0
2013,01,28,DCE,L,L1303,13731,28.0,646.0,14:59:59.0,11180.0
2013,01,28,DCE,L,L1304,18050,34.0,166.0,14:59:59.0,11000.0
2013,01,28,DCE,L,L1305,1178317,338786.0,212468.0,15:00:00.0,10885.0
2013,01,28,DCE,L,L1306,52719,4.0,72.0,14:59:59.0,10745.0
2013,01,28,DCE,L,L1307,11924,0.0,0.0,14:59:59.0,10500.0
2013,01,28,DCE,L,L1308,52798,0.0,0.0,14:59:57.0,10425.0
2013,01,28,DCE,L,L1309,558737,50618.0,55278.0,15:00:00.0,10880.0
2013,01,28,DCE,L,L1310,80764,46.0,4.0,14:59:56.0,10830.0
2013,01,28,DCE,L,L1311,3207,0.0,0.0,14:59:56.0,10160.0
2013,01,28,DCE,L,L1312,8339,0.0,2.0,14:59:56.0,10625.0
2013,01,28,DCE,L,L1401,35486,18.0,58.0,15:00:00.0,10825.0
2013,01,29,DCE,L,L1302,18179,42.0,162.0,14:59:56.0,11090.0
2013,01,29,DCE,L,L1303,12419,64.0,654.0,14:59:56.0,11185.0
2013,01,29,DCE,L,L1304,19886,2.0,166.0,14:59:59.0,11040.0
2013,01,29,DCE,L,L1305,1164032,298434.0,227198.0,15:00:00.0,10990.0
2013,01,29,DCE,L,L1306,35982,6.0,72.0,14:59:59.0,10835.0
2013,01,29,DCE,L,L1307,10061,0.0,0.0,14:59:59.0,10500.0
2013,01,29,DCE,L,L1308,4248,0.0,0.0,14:59:56.0,10425.0
2013,01,29,DCE,L,L1309,557099,47198.0,66596.0,15:00:00.0,10960.0
2013,01,29,DCE,L,L1310,78945,0.0,4.0,14:59:58.0,10830.0
2013,01,29,DCE,L,L1311,1167,0.0,0.0,14:59:56.0,10160.0
2013,01,29,DCE,L,L1312,2067,0.0,2.0,14:59:56.0,10625.0
2013,01,29,DCE,L,L1401,34595,38.0,58.0,15:00:00.0,10960.0
2013,01,30,DCE,L,L1302,7428,4.0,162.0,14:59:59.0,11455.0
2013,01,30,DCE,L,L1303,26845,0.0,654.0,14:59:59.0,11185.0
2013,01,30,DCE,L,L1304,23068,0.0,166.0,15:00:00.0,11040.0
2013,01,30,DCE,L,L1305,1100221,253078.0,218326.0,15:00:00.0,11020.0
2013,01,30,DCE,L,L1306,50222,2.0,72.0,14:59:59.0,10905.0
2013,01,30,DCE,L,L1307,10745,0.0,0.0,14:59:59.0,10500.0
2013,01,30,DCE,L,L1308,38605,0.0,0.0,14:59:59.0,10425.0
2013,01,30,DCE,L,L1309,494779,44862.0,63998.0,14:59:59.0,10960.0
2013,01,30,DCE,L,L1310,98261,0.0,4.0,14:59:58.0,10820.0
2013,01,30,DCE,L,L1311,9125,0.0,0.0,14:58:38.0,10160.0
2013,01,30,DCE,L,L1312,4187,0.0,2.0,14:59:56.0,10625.0
2013,01,30,DCE,L,L1401,19470,20.0,62.0,14:59:59.0,10960.0
2013,01,31,DCE,L,L1302,4223,12.0,160.0,14:59:59.0,11195.0
2013,01,31,DCE,L,L1303,33836,20.0,670.0,14:59:59.0,11190.0
2013,01,31,DCE,L,L1304,20766,6.0,168.0,14:59:59.0,11100.0
2013,01,31,DCE,L,L1305,1072270,237872.0,214000.0,15:00:00.0,11065.0
2013,01,31,DCE,L,L1306,32371,4.0,72.0,14:59:59.0,10955.0
2013,01,31,DCE,L,L1307,9183,0.0,0.0,14:59:59.0,10500.0
2013,01,31,DCE,L,L1308,8894,0.0,0.0,14:59:59.0,10425.0
2013,01,31,DCE,L,L1309,657519,92940.0,91564.0,15:00:00.0,11080.0
2013,01,31,DCE,L,L1310,62554,6.0,2.0,14:59:59.0,11035.0
2013,01,31,DCE,L,L1311,2160,0.0,0.0,14:59:54.0,10160.0
2013,01,31,DCE,L,L1312,6299,0.0,2.0,14:59:55.0,10625.0
2013,01,31,DCE,L,L1401,29380,54.0,54.0,15:00:00.0,11090.0
2013,01,04,DCE,M,M1301,9556,5554.0,16164.0,15:00:00.0,3781.0
2013,01,04,DCE,M,M1303,57261,198.0,1016.0,14:59:56.0,3509.0
2013,01,04,DCE,M,M1305,1715786,1311346.0,1201280.0,15:00:00.0,3248.0
2013,01,04,DCE,M,M1307,120268,52.0,422.0,14:59:59.0,3229.0
2013,01,04,DCE,M,M1308,73083,78.0,110.0,14:59:58.0,3228.0
2013,01,04,DCE,M,M1309,1376460,451186.0,432736.0,15:00:00.0,3197.0
2013,01,04,DCE,M,M1311,56076,194.0,380.0,14:59:55.0,3205.0
2013,01,04,DCE,M,M1312,30650,142.0,214.0,14:59:58.0,3199.0
2013,01,07,DCE,M,M1301,57834,3348.0,12876.0,14:59:59.0,3749.0
2013,01,07,DCE,M,M1303,61541,230.0,992.0,14:59:59.0,3512.0
2013,01,07,DCE,M,M1305,1769640,1810436.0,1100490.0,15:00:00.0,3267.0
2013,01,07,DCE,M,M1307,99479,128.0,448.0,14:59:56.0,3249.0
2013,01,07,DCE,M,M1308,84648,64.0,112.0,14:59:56.0,3236.0
2013,01,07,DCE,M,M1309,1593784,931922.0,576354.0,14:59:59.0,3202.0
2013,01,07,DCE,M,M1311,96042,112.0,434.0,14:59:58.0,3224.0
2013,01,07,DCE,M,M1312,29950,52.0,244.0,14:59:56.0,3212.0
2013,01,08,DCE,M,M1301,82301,1200.0,11812.0,14:59:57.0,3774.0
2013,01,08,DCE,M,M1303,40870,156.0,966.0,14:59:56.0,3530.0
2013,01,08,DCE,M,M1305,1694141,1351690.0,1102430.0,15:00:00.0,3291.0
2013,01,08,DCE,M,M1307,68061,178.0,446.0,14:59:58.0,3268.0
2013,01,08,DCE,M,M1308,82679,26.0,106.0,14:59:59.0,3242.0
2013,01,08,DCE,M,M1309,1450340,549590.0,549966.0,15:00:00.0,3214.0
2013,01,08,DCE,M,M1311,85622,116.0,374.0,14:59:57.0,3234.0
2013,01,08,DCE,M,M1312,29241,44.0,234.0,14:59:56.0,3220.0
2013,01,09,DCE,M,M1301,64107,2358.0,10634.0,14:59:59.0,3768.0
2013,01,09,DCE,M,M1303,43734,168.0,956.0,14:59:59.0,3508.0
2013,01,09,DCE,M,M1305,1767740,1728826.0,1120310.0,15:00:00.0,3272.0
2013,01,09,DCE,M,M1307,64699,84.0,448.0,14:59:59.0,3250.0
2013,01,09,DCE,M,M1308,63557,62.0,128.0,14:59:55.0,3242.0
2013,01,09,DCE,M,M1309,1445640,465396.0,586002.0,15:00:00.0,3185.0
2013,01,09,DCE,M,M1311,48541,122.0,334.0,14:59:59.0,3191.0
2013,01,09,DCE,M,M1312,35592,30.0,244.0,14:59:53.0,3215.0
2013,01,10,DCE,M,M1301,31149,1810.0,10636.0,14:59:51.0,3765.0
2013,01,10,DCE,M,M1303,42250,60.0,970.0,14:59:57.0,3504.0
2013,01,10,DCE,M,M1305,1658720,1051954.0,1118920.0,15:00:00.0,3268.0
2013,01,10,DCE,M,M1307,64608,96.0,452.0,14:59:59.0,3245.0
2013,01,10,DCE,M,M1308,90956,2.0,130.0,14:59:57.0,3232.0
2013,01,10,DCE,M,M1309,1371174,449206.0,596950.0,15:00:00.0,3178.0
2013,01,10,DCE,M,M1311,41362,32.0,342.0,15:00:00.0,3191.0
2013,01,10,DCE,M,M1312,30040,48.0,270.0,14:59:57.0,3190.0
2013,01,11,DCE,M,M1301,13851,4364.0,7722.0,14:59:58.0,3750.0
2013,01,11,DCE,M,M1303,37484,92.0,946.0,14:59:58.0,3510.0
2013,01,11,DCE,M,M1305,1683837,1067110.0,1088090.0,15:00:00.0,3258.0
2013,01,11,DCE,M,M1307,67434,280.0,504.0,14:59:59.0,3255.0
2013,01,11,DCE,M,M1308,94251,46.0,114.0,14:59:59.0,3219.0
2013,01,11,DCE,M,M1309,1424721,384292.0,591052.0,15:00:00.0,3168.0
2013,01,11,DCE,M,M1311,47041,40.0,348.0,14:59:59.0,3183.0
2013,01,11,DCE,M,M1312,34804,44.0,294.0,14:59:53.0,3181.0
2013,01,14,DCE,M,M1301,8848,538.0,7234.0,15:00:00.0,3755.0
2013,01,14,DCE,M,M1303,33815,164.0,892.0,14:59:57.0,3572.0
2013,01,14,DCE,M,M1305,1691299,1560488.0,1074460.0,15:00:00.0,3361.0
2013,01,14,DCE,M,M1307,60957,104.0,470.0,14:59:57.0,3333.0
2013,01,14,DCE,M,M1308,73482,28.0,98.0,14:59:59.0,3285.0
2013,01,14,DCE,M,M1309,1442861,584112.0,584906.0,15:00:00.0,3247.0
2013,01,14,DCE,M,M1311,45872,170.0,312.0,14:59:57.0,3257.0
2013,01,14,DCE,M,M1312,37815,106.0,262.0,14:59:57.0,3256.0
2013,01,15,DCE,M,M1301,25807,5320.0,1958.0,14:59:50.0,3800.0
2013,01,15,DCE,M,M1303,55702,292.0,832.0,14:59:55.0,3613.0
2013,01,15,DCE,M,M1305,1682779,1293644.0,1044620.0,15:00:00.0,3368.0
2013,01,15,DCE,M,M1307,70722,158.0,512.0,14:59:59.0,3328.0
2013,01,15,DCE,M,M1308,103672,40.0,102.0,14:59:59.0,3302.0
2013,01,15,DCE,M,M1309,1340955,471292.0,610980.0,15:00:00.0,3235.0
2013,01,15,DCE,M,M1311,45033,84.0,328.0,14:59:58.0,3239.0
2013,01,15,DCE,M,M1312,36767,96.0,278.0,14:59:58.0,3243.0
2013,01,16,DCE,M,M1301,13697,1866.0,92.0,14:57:24.0,3800.0
2013,01,16,DCE,M,M1303,71779,64.0,834.0,14:59:56.0,3650.0
2013,01,16,DCE,M,M1305,1719320,1477564.0,1136060.0,15:00:00.0,3405.0
2013,01,16,DCE,M,M1307,85244,688.0,518.0,14:59:59.0,3328.0
2013,01,16,DCE,M,M1308,90181,168.0,126.0,14:59:56.0,3309.0
2013,01,16,DCE,M,M1309,1378435,439210.0,600874.0,15:00:00.0,3259.0
2013,01,16,DCE,M,M1311,42681,110.0,322.0,14:59:57.0,3255.0
2013,01,16,DCE,M,M1312,27383,34.0,276.0,14:59:54.0,3251.0
2013,01,17,DCE,M,M1301,938,56.0,36.0,13:59:02.0,3800.0
2013,01,17,DCE,M,M1303,48121,152.0,766.0,14:59:56.0,3622.0
2013,01,17,DCE,M,M1305,1724137,1498464.0,1040360.0,15:00:00.0,3381.0
2013,01,17,DCE,M,M1307,78155,400.0,520.0,15:00:00.0,3303.0
2013,01,17,DCE,M,M1308,59496,22.0,132.0,14:59:58.0,3295.0
2013,01,17,DCE,M,M1309,1382058,476032.0,598316.0,15:00:00.0,3236.0
2013,01,17,DCE,M,M1311,55713,108.0,334.0,15:00:00.0,3244.0
2013,01,17,DCE,M,M1312,25746,98.0,288.0,15:00:00.0,3240.0
2013,01,18,DCE,M,M1303,44844,70.0,754.0,14:59:59.0,3630.0
2013,01,18,DCE,M,M1305,1732532,1466602.0,1034660.0,15:00:00.0,3376.0
2013,01,18,DCE,M,M1307,55201,118.0,516.0,14:59:57.0,3322.0
2013,01,18,DCE,M,M1308,75985,14.0,130.0,14:59:59.0,3301.0
2013,01,18,DCE,M,M1309,1386558,532932.0,607826.0,15:00:00.0,3259.0
2013,01,18,DCE,M,M1311,64329,136.0,318.0,15:00:00.0,3250.0
2013,01,18,DCE,M,M1312,34247,236.0,310.0,15:00:00.0,3243.0
2013,01,18,DCE,M,M1401,383298,37290.0,28804.0,15:00:00.0,3158.0
2013,01,21,DCE,M,M1303,32516,68.0,748.0,14:59:51.0,3638.0
2013,01,21,DCE,M,M1305,1647073,1052006.0,1064480.0,15:00:00.0,3388.0
2013,01,21,DCE,M,M1307,80713,140.0,530.0,14:59:58.0,3362.0
2013,01,21,DCE,M,M1308,64198,50.0,120.0,14:59:59.0,3314.0
2013,01,21,DCE,M,M1309,1531839,738222.0,702020.0,15:00:00.0,3288.0
2013,01,21,DCE,M,M1311,54838,172.0,308.0,14:59:59.0,3266.0
2013,01,21,DCE,M,M1312,31631,132.0,240.0,14:59:56.0,3261.0
2013,01,21,DCE,M,M1401,366616,30562.0,40716.0,15:00:00.0,3200.0
2013,01,22,DCE,M,M1303,16866,22.0,744.0,14:59:57.0,3670.0
2013,01,22,DCE,M,M1305,1635722,1179240.0,1096270.0,15:00:00.0,3426.0
2013,01,22,DCE,M,M1307,34664,50.0,510.0,14:59:57.0,3359.0
2013,01,22,DCE,M,M1308,61874,20.0,114.0,14:59:59.0,3317.0
2013,01,22,DCE,M,M1309,1463028,558708.0,700308.0,15:00:00.0,3297.0
2013,01,22,DCE,M,M1311,31907,154.0,316.0,14:59:56.0,3277.0
2013,01,22,DCE,M,M1312,33174,64.0,252.0,14:59:56.0,3261.0
2013,01,22,DCE,M,M1401,485043,74228.0,84714.0,15:00:00.0,3185.0
2013,01,23,DCE,M,M1303,17692,54.0,732.0,14:59:55.0,3679.0
2013,01,23,DCE,M,M1305,1592842,852302.0,1050190.0,15:00:00.0,3432.0
2013,01,23,DCE,M,M1307,28843,54.0,490.0,14:59:57.0,3353.0
2013,01,23,DCE,M,M1308,55413,40.0,132.0,14:59:55.0,3330.0
2013,01,23,DCE,M,M1309,1350440,398902.0,695302.0,15:00:00.0,3291.0
2013,01,23,DCE,M,M1311,17645,32.0,294.0,14:59:55.0,3275.0
2013,01,23,DCE,M,M1312,23931,78.0,256.0,14:59:55.0,3261.0
2013,01,23,DCE,M,M1401,301731,28570.0,92262.0,15:00:00.0,3187.0
2013,01,24,DCE,M,M1303,22659,76.0,736.0,14:59:57.0,3636.0
2013,01,24,DCE,M,M1305,1594818,1062920.0,971170.0,15:00:00.0,3358.0
2013,01,24,DCE,M,M1307,43892,90.0,524.0,14:59:57.0,3295.0
2013,01,24,DCE,M,M1308,70441,18.0,128.0,14:59:59.0,3251.0
2013,01,24,DCE,M,M1309,1498199,807512.0,754018.0,15:00:00.0,3217.0
2013,01,24,DCE,M,M1311,43839,108.0,330.0,14:59:59.0,3208.0
2013,01,24,DCE,M,M1312,27845,132.0,292.0,14:59:57.0,3219.0
2013,01,24,DCE,M,M1401,586124,92938.0,125468.0,15:00:00.0,3147.0
2013,01,25,DCE,M,M1303,21790,60.0,732.0,14:59:58.0,3647.0
2013,01,25,DCE,M,M1305,1491207,717742.0,979808.0,15:00:00.0,3383.0
2013,01,25,DCE,M,M1307,37868,94.0,496.0,14:59:58.0,3308.0
2013,01,25,DCE,M,M1308,47595,82.0,122.0,14:59:58.0,3281.0
2013,01,25,DCE,M,M1309,1232430,448596.0,711582.0,15:00:00.0,3234.0
2013,01,25,DCE,M,M1311,31457,24.0,326.0,15:00:00.0,3241.0
2013,01,25,DCE,M,M1312,15900,34.0,280.0,14:59:59.0,3236.0
2013,01,25,DCE,M,M1401,349160,32090.0,128266.0,15:00:00.0,3163.0
2013,01,28,DCE,M,M1303,19402,112.0,708.0,14:59:56.0,3719.0
2013,01,28,DCE,M,M1305,1500749,734794.0,1006060.0,15:00:00.0,3429.0
2013,01,28,DCE,M,M1307,60672,78.0,506.0,14:59:58.0,3329.0
2013,01,28,DCE,M,M1308,55535,20.0,132.0,14:59:59.0,3309.0
2013,01,28,DCE,M,M1309,1262165,423444.0,707534.0,15:00:00.0,3276.0
2013,01,28,DCE,M,M1311,27422,54.0,336.0,14:59:57.0,3258.0
2013,01,28,DCE,M,M1312,17077,42.0,252.0,14:59:58.0,3260.0
2013,01,28,DCE,M,M1401,455022,40162.0,129324.0,15:00:00.0,3180.0
2013,01,29,DCE,M,M1303,17279,74.0,698.0,14:59:56.0,3702.0
2013,01,29,DCE,M,M1305,1325182,435944.0,974552.0,15:00:00.0,3419.0
2013,01,29,DCE,M,M1307,47676,38.0,488.0,14:59:59.0,3326.0
2013,01,29,DCE,M,M1308,67408,48.0,128.0,14:59:59.0,3313.0
2013,01,29,DCE,M,M1309,1387189,448672.0,732196.0,15:00:00.0,3261.0
2013,01,29,DCE,M,M1311,23598,6.0,334.0,14:59:59.0,3252.0
2013,01,29,DCE,M,M1312,33377,12.0,250.0,14:59:58.0,3249.0
2013,01,29,DCE,M,M1401,338400,27562.0,130564.0,15:00:00.0,3174.0
2013,01,30,DCE,M,M1303,25026,226.0,712.0,14:59:55.0,3780.0
2013,01,30,DCE,M,M1305,1571808,1067268.0,1043730.0,15:00:00.0,3484.0
2013,01,30,DCE,M,M1307,55411,102.0,488.0,14:59:58.0,3375.0
2013,01,30,DCE,M,M1308,61419,26.0,126.0,14:59:59.0,3363.0
2013,01,30,DCE,M,M1309,1498330,824934.0,778050.0,15:00:00.0,3324.0
2013,01,30,DCE,M,M1311,32508,26.0,326.0,14:59:59.0,3296.0
2013,01,30,DCE,M,M1312,27505,94.0,216.0,14:59:56.0,3285.0
2013,01,30,DCE,M,M1401,593395,72364.0,124968.0,15:00:00.0,3203.0
2013,01,31,DCE,M,M1303,30547,86.0,718.0,14:59:55.0,3810.0
2013,01,31,DCE,M,M1305,1561042,896800.0,983882.0,15:00:00.0,3508.0
2013,01,31,DCE,M,M1307,52767,148.0,494.0,14:59:56.0,3393.0
2013,01,31,DCE,M,M1308,66141,38.0,136.0,14:59:56.0,3388.0
2013,01,31,DCE,M,M1309,1602559,973150.0,831646.0,15:00:00.0,3354.0
2013,01,31,DCE,M,M1311,40174,202.0,246.0,14:59:59.0,3330.0
2013,01,31,DCE,M,M1312,35703,100.0,206.0,14:59:55.0,3291.0
2013,01,31,DCE,M,M1401,565453,90422.0,149820.0,15:00:00.0,3212.0
2013,01,04,DCE,P,P1301,35802,296.0,17454.0,15:00:00.0,6278.0
2013,01,04,DCE,P,P1302,7082,34.0,156.0,14:59:57.0,6450.0
2013,01,04,DCE,P,P1303,17195,22.0,262.0,14:59:56.0,6658.0
2013,01,04,DCE,P,P1304,46007,124.0,218.0,14:59:54.0,6894.0
2013,01,04,DCE,P,P1305,1623848,626342.0,561414.0,15:00:00.0,7028.0
2013,01,04,DCE,P,P1306,35799,122.0,50.0,14:59:59.0,7128.0
2013,01,04,DCE,P,P1307,115597,14.0,16.0,14:59:56.0,7154.0
2013,01,04,DCE,P,P1308,100413,52.0,44.0,14:59:57.0,7240.0
2013,01,04,DCE,P,P1309,1342598,249150.0,228334.0,15:00:00.0,7328.0
2013,01,04,DCE,P,P1310,108588,0.0,12.0,14:59:56.0,7350.0
2013,01,04,DCE,P,P1311,163722,0.0,14.0,14:59:54.0,7184.0
2013,01,04,DCE,P,P1312,107177,0.0,6.0,14:59:59.0,7212.0
2013,01,07,DCE,P,P1301,39273,3230.0,15432.0,14:59:59.0,6250.0
2013,01,07,DCE,P,P1302,33790,92.0,154.0,14:59:56.0,6422.0
2013,01,07,DCE,P,P1303,19475,70.0,264.0,14:59:58.0,6610.0
2013,01,07,DCE,P,P1304,46388,18.0,222.0,14:59:57.0,6808.0
2013,01,07,DCE,P,P1305,1616225,604152.0,596144.0,15:00:00.0,6964.0
2013,01,07,DCE,P,P1306,139734,88.0,72.0,14:59:59.0,7118.0
2013,01,07,DCE,P,P1307,88053,4.0,12.0,14:59:57.0,7134.0
2013,01,07,DCE,P,P1308,91210,48.0,40.0,14:59:57.0,7200.0
2013,01,07,DCE,P,P1309,1402544,287490.0,255306.0,15:00:00.0,7252.0
2013,01,07,DCE,P,P1310,157357,0.0,12.0,14:59:57.0,7350.0
2013,01,07,DCE,P,P1311,168859,0.0,14.0,14:59:55.0,7184.0
2013,01,07,DCE,P,P1312,111469,0.0,6.0,14:59:57.0,7212.0
2013,01,08,DCE,P,P1301,297331,3008.0,12430.0,14:59:59.0,6240.0
2013,01,08,DCE,P,P1302,46157,0.0,154.0,14:59:56.0,6422.0
2013,01,08,DCE,P,P1303,39962,2.0,264.0,14:59:56.0,6580.0
2013,01,08,DCE,P,P1304,74153,42.0,202.0,14:59:56.0,6696.0
2013,01,08,DCE,P,P1305,1566835,718090.0,596782.0,15:00:00.0,6844.0
2013,01,08,DCE,P,P1306,100876,50.0,58.0,14:59:56.0,7058.0
2013,01,08,DCE,P,P1307,160738,20.0,10.0,14:59:59.0,7050.0
2013,01,08,DCE,P,P1308,62004,46.0,8.0,14:59:59.0,7120.0
2013,01,08,DCE,P,P1309,1322600,332578.0,216504.0,15:00:00.0,7126.0
2013,01,08,DCE,P,P1310,156612,0.0,12.0,14:59:57.0,7350.0
2013,01,08,DCE,P,P1311,161626,2.0,16.0,14:59:56.0,7242.0
2013,01,08,DCE,P,P1312,123486,0.0,6.0,14:59:58.0,7212.0
2013,01,09,DCE,P,P1301,312846,0.0,12430.0,15:00:00.0,6240.0
2013,01,09,DCE,P,P1302,18017,0.0,154.0,14:59:55.0,6410.0
2013,01,09,DCE,P,P1303,34531,18.0,268.0,14:59:55.0,6458.0
2013,01,09,DCE,P,P1304,87010,24.0,208.0,14:59:55.0,6670.0
2013,01,09,DCE,P,P1305,1541931,525870.0,615842.0,15:00:00.0,6804.0
2013,01,09,DCE,P,P1306,101690,10.0,56.0,14:59:57.0,6984.0
2013,01,09,DCE,P,P1307,177276,0.0,10.0,14:59:59.0,7050.0
2013,01,09,DCE,P,P1308,66061,26.0,6.0,15:00:00.0,7072.0
2013,01,09,DCE,P,P1309,1376142,281024.0,240880.0,15:00:00.0,7102.0
2013,01,09,DCE,P,P1310,178971,6.0,12.0,14:59:57.0,7178.0
2013,01,09,DCE,P,P1311,146707,0.0,16.0,14:59:55.0,7242.0
2013,01,09,DCE,P,P1312,180100,2.0,6.0,14:59:52.0,7190.0
2013,01,10,DCE,P,P1301,183248,3112.0,9528.0,15:00:00.0,6082.0
2013,01,10,DCE,P,P1302,14242,58.0,162.0,14:59:57.0,6250.0
2013,01,10,DCE,P,P1303,25897,72.0,270.0,15:00:00.0,6444.0
2013,01,10,DCE,P,P1304,87079,78.0,212.0,14:59:57.0,6546.0
2013,01,10,DCE,P,P1305,1579046,642526.0,630364.0,15:00:00.0,6726.0
2013,01,10,DCE,P,P1306,101217,144.0,56.0,14:59:59.0,6928.0
2013,01,10,DCE,P,P1307,218586,0.0,10.0,14:59:52.0,7070.0
2013,01,10,DCE,P,P1308,112635,20.0,10.0,15:00:00.0,7030.0
2013,01,10,DCE,P,P1309,1482568,557948.0,275702.0,15:00:00.0,7022.0
2013,01,10,DCE,P,P1310,238654,2.0,12.0,14:59:58.0,7098.0
2013,01,10,DCE,P,P1311,142888,6.0,20.0,14:59:56.0,7126.0
2013,01,10,DCE,P,P1312,127588,16.0,6.0,14:59:51.0,7080.0
2013,01,11,DCE,P,P1301,253019,310.0,9528.0,15:00:00.0,6050.0
2013,01,11,DCE,P,P1302,13753,30.0,148.0,14:57:53.0,6208.0
2013,01,11,DCE,P,P1303,17098,8.0,270.0,14:59:59.0,6396.0
2013,01,11,DCE,P,P1304,65957,12.0,210.0,14:59:59.0,6446.0
2013,01,11,DCE,P,P1305,1605277,698016.0,639434.0,15:00:00.0,6640.0
2013,01,11,DCE,P,P1306,74999,18.0,58.0,14:59:57.0,6806.0
2013,01,11,DCE,P,P1307,187520,0.0,10.0,14:59:49.0,7070.0
2013,01,11,DCE,P,P1308,94439,32.0,12.0,14:59:58.0,6968.0
2013,01,11,DCE,P,P1309,1447362,396654.0,258900.0,15:00:00.0,6930.0
2013,01,11,DCE,P,P1310,130573,4.0,12.0,14:59:58.0,6950.0
2013,01,11,DCE,P,P1311,189276,16.0,12.0,14:59:33.0,7020.0
2013,01,11,DCE,P,P1312,85578,8.0,10.0,14:59:07.0,7026.0
2013,01,14,DCE,P,P1301,71390,410.0,9528.0,14:59:57.0,6000.0
2013,01,14,DCE,P,P1302,13808,8.0,148.0,14:59:57.0,6318.0
2013,01,14,DCE,P,P1303,32439,44.0,288.0,14:59:57.0,6422.0
2013,01,14,DCE,P,P1304,69211,22.0,206.0,14:59:57.0,6524.0
2013,01,14,DCE,P,P1305,1530170,500238.0,627448.0,15:00:00.0,6698.0
2013,01,14,DCE,P,P1306,99232,16.0,58.0,15:00:00.0,6882.0
2013,01,14,DCE,P,P1307,231081,0.0,10.0,14:59:51.0,7070.0
2013,01,14,DCE,P,P1308,34110,0.0,12.0,14:59:58.0,6968.0
2013,01,14,DCE,P,P1309,1384800,289460.0,266538.0,15:00:00.0,6980.0
2013,01,14,DCE,P,P1310,131030,4.0,12.0,14:59:58.0,6962.0
2013,01,14,DCE,P,P1311,134298,0.0,12.0,14:59:53.0,7020.0
2013,01,14,DCE,P,P1312,83202,12.0,12.0,14:59:55.0,7076.0
2013,01,15,DCE,P,P1301,151069,574.0,9128.0,15:00:00.0,6000.0
2013,01,15,DCE,P,P1302,34954,16.0,138.0,14:59:55.0,6248.0
2013,01,15,DCE,P,P1303,34926,16.0,286.0,14:59:57.0,6422.0
2013,01,15,DCE,P,P1304,78758,18.0,212.0,14:59:56.0,6522.0
2013,01,15,DCE,P,P1305,1468590,464414.0,583928.0,15:00:00.0,6726.0
2013,01,15,DCE,P,P1306,111577,16.0,60.0,14:59:58.0,6904.0
2013,01,15,DCE,P,P1307,186816,0.0,10.0,14:59:56.0,7070.0
2013,01,15,DCE,P,P1308,45237,0.0,12.0,14:59:57.0,7000.0
2013,01,15,DCE,P,P1309,1362627,305914.0,288256.0,15:00:00.0,6992.0
2013,01,15,DCE,P,P1310,132147,2.0,10.0,14:59:59.0,7046.0
2013,01,15,DCE,P,P1311,132093,0.0,12.0,14:59:56.0,7010.0
2013,01,15,DCE,P,P1312,205842,4.0,10.0,14:59:56.0,7110.0
2013,01,16,DCE,P,P1301,29752,0.0,9128.0,14:59:59.0,6000.0
2013,01,16,DCE,P,P1302,20437,2.0,138.0,14:59:56.0,6156.0
2013,01,16,DCE,P,P1303,28534,14.0,284.0,14:59:58.0,6444.0
2013,01,16,DCE,P,P1304,84654,4.0,210.0,14:59:58.0,6564.0
2013,01,16,DCE,P,P1305,1418351,399654.0,549960.0,15:00:00.0,6776.0
2013,01,16,DCE,P,P1306,112312,4.0,60.0,14:59:58.0,6952.0
2013,01,16,DCE,P,P1307,226378,0.0,10.0,14:59:57.0,7070.0
2013,01,16,DCE,P,P1308,28887,0.0,12.0,14:59:57.0,7000.0
2013,01,16,DCE,P,P1309,1203618,196850.0,282686.0,15:00:00.0,7060.0
2013,01,16,DCE,P,P1310,72521,2.0,8.0,14:59:57.0,7090.0
2013,01,16,DCE,P,P1311,140174,50.0,12.0,14:59:59.0,7110.0
2013,01,16,DCE,P,P1312,62799,24.0,28.0,14:59:57.0,7136.0
2013,01,17,DCE,P,P1301,190177,538.0,0.0,15:00:00.0,6140.0
2013,01,17,DCE,P,P1302,14574,74.0,84.0,14:59:56.0,6250.0
2013,01,17,DCE,P,P1303,40781,22.0,286.0,14:59:56.0,6332.0
2013,01,17,DCE,P,P1304,97742,8.0,206.0,14:59:57.0,6522.0
2013,01,17,DCE,P,P1305,1459994,454242.0,564772.0,15:00:00.0,6712.0
2013,01,17,DCE,P,P1306,91706,74.0,56.0,14:59:59.0,6880.0
2013,01,17,DCE,P,P1307,196914,0.0,10.0,15:00:00.0,7070.0
2013,01,17,DCE,P,P1308,76013,14.0,14.0,15:00:00.0,7002.0
2013,01,17,DCE,P,P1309,1332573,300556.0,302126.0,15:00:00.0,6982.0
2013,01,17,DCE,P,P1310,146888,22.0,8.0,14:59:57.0,7058.0
2013,01,17,DCE,P,P1311,181117,4.0,12.0,14:59:58.0,7058.0
2013,01,17,DCE,P,P1312,87459,4.0,24.0,14:59:57.0,7104.0
2013,01,18,DCE,P,P1302,8214,32.0,60.0,14:59:57.0,6306.0
2013,01,18,DCE,P,P1303,20165,32.0,294.0,14:59:57.0,6406.0
2013,01,18,DCE,P,P1304,99489,10.0,204.0,14:59:59.0,6550.0
2013,01,18,DCE,P,P1305,1498676,537290.0,555258.0,15:00:01.0,6746.0
2013,01,18,DCE,P,P1306,80435,12.0,56.0,15:00:00.0,6896.0
2013,01,18,DCE,P,P1307,208232,0.0,10.0,14:59:59.0,7070.0
2013,01,18,DCE,P,P1308,103024,8.0,14.0,14:59:59.0,7000.0
2013,01,18,DCE,P,P1309,1350948,318416.0,301806.0,15:00:01.0,7040.0
2013,01,18,DCE,P,P1310,121973,2.0,8.0,14:59:57.0,7068.0
2013,01,18,DCE,P,P1311,159559,2.0,14.0,14:59:54.0,7060.0
2013,01,18,DCE,P,P1312,104698,12.0,24.0,14:59:53.0,7134.0
2013,01,18,DCE,P,P1401,87883,1254.0,690.0,14:59:56.0,7136.0
2013,01,21,DCE,P,P1302,7454,12.0,50.0,14:59:57.0,6252.0
2013,01,21,DCE,P,P1303,33278,24.0,290.0,14:59:57.0,6396.0
2013,01,21,DCE,P,P1304,72468,16.0,214.0,14:59:57.0,6536.0
2013,01,21,DCE,P,P1305,1328808,301050.0,555730.0,15:00:00.0,6752.0
2013,01,21,DCE,P,P1306,83210,14.0,60.0,15:00:00.0,6898.0
2013,01,21,DCE,P,P1307,235946,0.0,10.0,14:59:57.0,7070.0
2013,01,21,DCE,P,P1308,88216,2.0,14.0,14:59:57.0,7060.0
2013,01,21,DCE,P,P1309,1275036,238560.0,310256.0,15:00:00.0,7058.0
2013,01,21,DCE,P,P1310,194757,0.0,8.0,15:00:00.0,7068.0
2013,01,21,DCE,P,P1311,157523,2.0,12.0,14:59:57.0,7126.0
2013,01,21,DCE,P,P1312,199509,6.0,22.0,14:59:55.0,7110.0
2013,01,21,DCE,P,P1401,116237,616.0,1106.0,14:59:58.0,7148.0
2013,01,22,DCE,P,P1302,13641,0.0,50.0,14:59:56.0,6252.0
2013,01,22,DCE,P,P1303,20386,20.0,300.0,14:59:57.0,6434.0
2013,01,22,DCE,P,P1304,47176,24.0,208.0,14:59:56.0,6600.0
2013,01,22,DCE,P,P1305,1311511,293718.0,536838.0,15:00:00.0,6818.0
2013,01,22,DCE,P,P1306,89333,10.0,60.0,14:59:59.0,6990.0
2013,01,22,DCE,P,P1307,253578,2.0,12.0,14:59:56.0,7070.0
2013,01,22,DCE,P,P1308,75169,34.0,18.0,14:59:58.0,7082.0
2013,01,22,DCE,P,P1309,1388103,356916.0,331412.0,15:00:00.0,7138.0
2013,01,22,DCE,P,P1310,137809,2.0,10.0,14:59:56.0,7072.0
2013,01,22,DCE,P,P1311,162281,0.0,12.0,14:59:56.0,7126.0
2013,01,22,DCE,P,P1312,147665,10.0,14.0,14:59:52.0,7218.0
2013,01,22,DCE,P,P1401,133569,490.0,1212.0,15:00:00.0,7238.0
2013,01,23,DCE,P,P1302,11775,12.0,44.0,14:59:56.0,6378.0
2013,01,23,DCE,P,P1303,27777,14.0,298.0,14:59:55.0,6468.0
2013,01,23,DCE,P,P1304,34921,70.0,210.0,14:59:56.0,6596.0
2013,01,23,DCE,P,P1305,1148524,182746.0,520212.0,15:00:00.0,6826.0
2013,01,23,DCE,P,P1306,50816,98.0,66.0,14:59:58.0,6970.0
2013,01,23,DCE,P,P1307,167773,4.0,14.0,14:59:56.0,7036.0
2013,01,23,DCE,P,P1308,61279,20.0,16.0,14:59:57.0,7110.0
2013,01,23,DCE,P,P1309,1314679,290638.0,334754.0,15:00:00.0,7134.0
2013,01,23,DCE,P,P1310,98271,8.0,8.0,14:59:57.0,7132.0
2013,01,23,DCE,P,P1311,146875,0.0,12.0,14:59:56.0,7126.0
2013,01,23,DCE,P,P1312,79148,0.0,14.0,14:59:54.0,7218.0
2013,01,23,DCE,P,P1401,107555,436.0,1412.0,14:59:59.0,7258.0
2013,01,24,DCE,P,P1302,32065,240.0,54.0,14:59:56.0,6110.0
2013,01,24,DCE,P,P1303,34266,36.0,288.0,14:59:50.0,6384.0
2013,01,24,DCE,P,P1304,55644,40.0,210.0,14:59:58.0,6516.0
2013,01,24,DCE,P,P1305,1230116,239094.0,501884.0,14:59:59.0,6720.0
2013,01,24,DCE,P,P1306,55334,20.0,62.0,14:59:57.0,6858.0
2013,01,24,DCE,P,P1307,141543,2.0,12.0,14:59:59.0,6896.0
2013,01,24,DCE,P,P1308,88059,0.0,16.0,14:59:59.0,7110.0
2013,01,24,DCE,P,P1309,1413915,431516.0,309614.0,14:59:59.0,7018.0
2013,01,24,DCE,P,P1310,96010,8.0,10.0,14:59:58.0,7040.0
2013,01,24,DCE,P,P1311,176584,0.0,12.0,14:59:56.0,7126.0
2013,01,24,DCE,P,P1312,158713,2.0,12.0,14:59:57.0,7168.0
2013,01,24,DCE,P,P1401,119590,996.0,1860.0,14:59:59.0,7130.0
2013,01,25,DCE,P,P1302,17495,18.0,54.0,15:00:00.0,6088.0
2013,01,25,DCE,P,P1303,30057,360.0,320.0,14:59:58.0,6342.0
2013,01,25,DCE,P,P1304,57406,96.0,170.0,14:59:58.0,6520.0
2013,01,25,DCE,P,P1305,1098467,154504.0,487666.0,15:00:00.0,6724.0
2013,01,25,DCE,P,P1306,59080,94.0,82.0,14:59:58.0,6892.0
2013,01,25,DCE,P,P1307,134464,2.0,10.0,14:59:57.0,6908.0
2013,01,25,DCE,P,P1308,112098,0.0,16.0,15:00:00.0,7110.0
2013,01,25,DCE,P,P1309,1292719,295796.0,322866.0,15:00:00.0,7024.0
2013,01,25,DCE,P,P1310,132677,2.0,12.0,14:59:58.0,7074.0
2013,01,25,DCE,P,P1311,181592,0.0,12.0,14:59:58.0,7126.0
2013,01,25,DCE,P,P1312,262424,0.0,12.0,14:59:54.0,7168.0
2013,01,25,DCE,P,P1401,70657,370.0,1976.0,15:00:00.0,7154.0
2013,01,28,DCE,P,P1302,9105,2.0,54.0,14:53:19.0,6052.0
2013,01,28,DCE,P,P1303,36264,6.0,322.0,14:59:57.0,6306.0
2013,01,28,DCE,P,P1304,41033,16.0,166.0,14:59:57.0,6530.0
2013,01,28,DCE,P,P1305,1051000,144128.0,481644.0,15:00:00.0,6724.0
2013,01,28,DCE,P,P1306,61861,12.0,86.0,14:59:57.0,6872.0
2013,01,28,DCE,P,P1307,110856,0.0,10.0,15:00:00.0,6908.0
2013,01,28,DCE,P,P1308,120852,4.0,16.0,14:59:56.0,6978.0
2013,01,28,DCE,P,P1309,1379578,398844.0,334136.0,15:00:00.0,7028.0
2013,01,28,DCE,P,P1310,122089,6.0,12.0,14:59:58.0,7020.0
2013,01,28,DCE,P,P1311,161153,10.0,12.0,14:59:59.0,7090.0
2013,01,28,DCE,P,P1312,219229,0.0,12.0,14:59:56.0,7168.0
2013,01,28,DCE,P,P1401,98404,974.0,2446.0,15:00:00.0,7156.0
2013,01,29,DCE,P,P1302,5271,0.0,54.0,14:57:06.0,6052.0
2013,01,29,DCE,P,P1303,31829,26.0,318.0,14:59:59.0,6290.0
2013,01,29,DCE,P,P1304,25973,40.0,144.0,14:59:57.0,6532.0
2013,01,29,DCE,P,P1305,1071942,140060.0,478726.0,15:00:00.0,6702.0
2013,01,29,DCE,P,P1306,52287,32.0,68.0,14:59:57.0,6850.0
2013,01,29,DCE,P,P1307,103679,0.0,10.0,15:00:00.0,6908.0
2013,01,29,DCE,P,P1308,84167,58.0,24.0,14:59:58.0,7016.0
2013,01,29,DCE,P,P1309,1392129,347106.0,343466.0,15:00:00.0,7014.0
2013,01,29,DCE,P,P1310,110204,0.0,12.0,14:59:58.0,7020.0
2013,01,29,DCE,P,P1311,179815,0.0,12.0,14:59:57.0,7090.0
2013,01,29,DCE,P,P1312,159073,0.0,12.0,14:59:57.0,7168.0
2013,01,29,DCE,P,P1401,95206,518.0,2652.0,15:00:00.0,7132.0
2013,01,30,DCE,P,P1302,19362,38.0,54.0,14:59:56.0,6090.0
2013,01,30,DCE,P,P1303,16411,6.0,318.0,14:59:58.0,6304.0
2013,01,30,DCE,P,P1304,14124,6.0,138.0,14:59:58.0,6564.0
2013,01,30,DCE,P,P1305,995243,130478.0,468388.0,14:59:59.0,6756.0
2013,01,30,DCE,P,P1306,58415,10.0,60.0,14:59:59.0,6894.0
2013,01,30,DCE,P,P1307,82987,0.0,10.0,14:59:59.0,6908.0
2013,01,30,DCE,P,P1308,40544,2.0,24.0,14:59:59.0,7052.0
2013,01,30,DCE,P,P1309,1357967,361290.0,360076.0,14:59:59.0,7072.0
2013,01,30,DCE,P,P1310,111183,0.0,12.0,14:59:59.0,7020.0
2013,01,30,DCE,P,P1311,162912,0.0,12.0,14:59:58.0,7078.0
2013,01,30,DCE,P,P1312,141793,0.0,12.0,14:59:58.0,7168.0
2013,01,30,DCE,P,P1401,96620,1362.0,3164.0,14:59:59.0,7204.0
2013,01,31,DCE,P,P1302,14645,46.0,56.0,14:59:55.0,6336.0
2013,01,31,DCE,P,P1303,37536,24.0,320.0,14:59:59.0,6390.0
2013,01,31,DCE,P,P1304,31551,44.0,144.0,14:59:57.0,6636.0
2013,01,31,DCE,P,P1305,1097748,165620.0,451050.0,15:00:00.0,6836.0
2013,01,31,DCE,P,P1306,70995,152.0,66.0,14:59:59.0,7010.0
2013,01,31,DCE,P,P1307,147409,4.0,10.0,14:59:57.0,7050.0
2013,01,31,DCE,P,P1308,35552,106.0,30.0,14:59:57.0,7116.0
2013,01,31,DCE,P,P1309,1454174,435902.0,374834.0,15:00:00.0,7176.0
2013,01,31,DCE,P,P1310,87324,4.0,10.0,14:59:57.0,7160.0
2013,01,31,DCE,P,P1311,152736,0.0,12.0,15:00:00.0,7078.0
2013,01,31,DCE,P,P1312,206673,0.0,12.0,14:59:57.0,7168.0
2013,01,31,DCE,P,P1401,117710,1462.0,3444.0,15:00:00.0,7312.0
2013,01,04,DCE,V,V1301,30871,1306.0,3298.0,14:59:55.0,6355.0
2013,01,04,DCE,V,V1302,9758,2.0,14.0,14:59:55.0,6320.0
2013,01,04,DCE,V,V1303,30764,0.0,14.0,14:59:55.0,6480.0
2013,01,04,DCE,V,V1304,22241,2.0,4.0,14:59:55.0,6670.0
2013,01,04,DCE,V,V1305,518823,76066.0,90342.0,15:00:00.0,6690.0
2013,01,04,DCE,V,V1306,32437,0.0,2.0,14:59:55.0,6665.0
2013,01,04,DCE,V,V1307,16510,0.0,0.0,14:57:24.0,6650.0
2013,01,04,DCE,V,V1308,20221,0.0,0.0,14:59:54.0,6655.0
2013,01,04,DCE,V,V1309,76705,1528.0,2674.0,14:59:59.0,6860.0
2013,01,04,DCE,V,V1310,27274,0.0,0.0,14:59:55.0,6795.0
2013,01,04,DCE,V,V1311,23897,0.0,0.0,14:59:55.0,6815.0
2013,01,04,DCE,V,V1312,40552,0.0,0.0,14:59:31.0,6860.0
2013,01,07,DCE,V,V1301,15822,524.0,3726.0,15:00:00.0,6405.0
2013,01,07,DCE,V,V1302,9479,0.0,14.0,14:59:57.0,6320.0
2013,01,07,DCE,V,V1303,19115,4.0,16.0,14:59:57.0,6515.0
2013,01,07,DCE,V,V1304,35723,0.0,4.0,14:59:57.0,6670.0
2013,01,07,DCE,V,V1305,606871,78732.0,103424.0,15:00:00.0,6705.0
2013,01,07,DCE,V,V1306,49627,0.0,2.0,14:59:58.0,6665.0
2013,01,07,DCE,V,V1307,9181,0.0,0.0,14:59:56.0,6650.0
2013,01,07,DCE,V,V1308,7923,0.0,0.0,14:59:57.0,6655.0
2013,01,07,DCE,V,V1309,96504,3890.0,4884.0,15:00:00.0,6895.0
2013,01,07,DCE,V,V1310,23929,0.0,0.0,14:59:57.0,6795.0
2013,01,07,DCE,V,V1311,12217,0.0,0.0,14:59:53.0,6815.0
2013,01,07,DCE,V,V1312,22961,0.0,0.0,14:57:45.0,6860.0
2013,01,08,DCE,V,V1301,35188,10.0,3736.0,14:59:55.0,6355.0
2013,01,08,DCE,V,V1302,3553,0.0,14.0,14:59:55.0,6320.0
2013,01,08,DCE,V,V1303,4049,0.0,16.0,14:59:55.0,6515.0
2013,01,08,DCE,V,V1304,19611,2.0,4.0,14:59:55.0,6665.0
2013,01,08,DCE,V,V1305,362967,34692.0,103484.0,14:59:59.0,6685.0
2013,01,08,DCE,V,V1306,27547,0.0,2.0,14:59:15.0,6665.0
2013,01,08,DCE,V,V1307,15234,0.0,0.0,14:58:01.0,6650.0
2013,01,08,DCE,V,V1308,12090,0.0,0.0,14:58:48.0,6655.0
2013,01,08,DCE,V,V1309,56171,898.0,4750.0,14:59:55.0,6875.0
2013,01,08,DCE,V,V1310,13843,0.0,0.0,14:59:52.0,6795.0
2013,01,08,DCE,V,V1311,14545,0.0,0.0,14:58:38.0,6815.0
2013,01,08,DCE,V,V1312,14204,0.0,0.0,14:57:42.0,6860.0
2013,01,09,DCE,V,V1301,49854,2.0,3736.0,14:59:55.0,6410.0
2013,01,09,DCE,V,V1302,7918,2.0,12.0,14:59:55.0,6330.0
2013,01,09,DCE,V,V1303,10639,0.0,16.0,14:59:55.0,6530.0
2013,01,09,DCE,V,V1304,26024,0.0,4.0,14:59:55.0,6665.0
2013,01,09,DCE,V,V1305,444026,59306.0,105942.0,15:00:00.0,6700.0
2013,01,09,DCE,V,V1306,46493,2.0,0.0,14:59:55.0,6695.0
2013,01,09,DCE,V,V1307,13743,0.0,0.0,14:59:55.0,6650.0
2013,01,09,DCE,V,V1308,16196,0.0,0.0,14:59:34.0,6655.0
2013,01,09,DCE,V,V1309,93817,2416.0,4458.0,14:59:58.0,6855.0
2013,01,09,DCE,V,V1310,46497,0.0,0.0,14:58:41.0,6795.0
2013,01,09,DCE,V,V1311,21695,0.0,0.0,14:59:34.0,6815.0
2013,01,09,DCE,V,V1312,32619,0.0,0.0,14:57:10.0,6860.0
2013,01,10,DCE,V,V1301,68222,4.0,3736.0,14:59:56.0,6375.0
2013,01,10,DCE,V,V1302,1477,0.0,12.0,14:59:56.0,6330.0
2013,01,10,DCE,V,V1303,10082,0.0,16.0,14:59:56.0,6530.0
2013,01,10,DCE,V,V1304,22839,0.0,4.0,14:59:56.0,6665.0
2013,01,10,DCE,V,V1305,401134,41620.0,105648.0,14:59:58.0,6705.0
2013,01,10,DCE,V,V1306,39703,0.0,0.0,14:59:56.0,6695.0
2013,01,10,DCE,V,V1307,12456,0.0,0.0,14:59:56.0,6650.0
2013,01,10,DCE,V,V1308,9069,0.0,0.0,14:59:52.0,6655.0
2013,01,10,DCE,V,V1309,76860,684.0,4472.0,14:59:56.0,6860.0
2013,01,10,DCE,V,V1310,28792,0.0,0.0,14:59:53.0,6795.0
2013,01,10,DCE,V,V1311,25479,0.0,0.0,14:59:52.0,6815.0
2013,01,10,DCE,V,V1312,25163,0.0,0.0,14:59:41.0,6860.0
2013,01,11,DCE,V,V1301,58377,4.0,3736.0,14:59:56.0,6390.0
2013,01,11,DCE,V,V1302,2655,0.0,12.0,14:59:56.0,6330.0
2013,01,11,DCE,V,V1303,11394,0.0,16.0,14:59:56.0,6530.0
2013,01,11,DCE,V,V1304,20926,8.0,4.0,14:59:56.0,6645.0
2013,01,11,DCE,V,V1305,372202,38106.0,96632.0,15:00:00.0,6645.0
2013,01,11,DCE,V,V1306,59899,0.0,0.0,14:59:48.0,6695.0
2013,01,11,DCE,V,V1307,39903,0.0,0.0,14:59:27.0,6650.0
2013,01,11,DCE,V,V1308,23229,0.0,0.0,14:59:39.0,6655.0
2013,01,11,DCE,V,V1309,97208,988.0,4552.0,14:59:53.0,6800.0
2013,01,11,DCE,V,V1310,45303,0.0,0.0,14:56:01.0,6795.0
2013,01,11,DCE,V,V1311,31917,8.0,0.0,14:59:56.0,6850.0
2013,01,11,DCE,V,V1312,37228,0.0,0.0,14:55:07.0,6860.0
2013,01,14,DCE,V,V1301,31172,0.0,3736.0,15:00:00.0,6390.0
2013,01,14,DCE,V,V1302,765,0.0,12.0,14:59:56.0,6330.0
2013,01,14,DCE,V,V1303,20666,2.0,16.0,14:59:56.0,6490.0
2013,01,14,DCE,V,V1304,27201,14.0,10.0,14:59:56.0,6675.0
2013,01,14,DCE,V,V1305,353901,36394.0,94532.0,15:00:00.0,6670.0
2013,01,14,DCE,V,V1306,36253,0.0,0.0,14:59:46.0,6695.0
2013,01,14,DCE,V,V1307,15600,2.0,2.0,14:59:56.0,6575.0
2013,01,14,DCE,V,V1308,18498,0.0,0.0,14:59:52.0,6655.0
2013,01,14,DCE,V,V1309,52647,634.0,4550.0,15:00:00.0,6815.0
2013,01,14,DCE,V,V1310,18265,0.0,0.0,14:59:55.0,6795.0
2013,01,14,DCE,V,V1311,15444,0.0,0.0,14:58:03.0,6850.0
2013,01,14,DCE,V,V1312,14692,0.0,0.0,14:59:54.0,6860.0
2013,01,15,DCE,V,V1301,28034,0.0,3736.0,14:59:58.0,6390.0
2013,01,15,DCE,V,V1302,382,0.0,12.0,14:59:54.0,6330.0
2013,01,15,DCE,V,V1303,5595,0.0,16.0,14:59:56.0,6490.0
2013,01,15,DCE,V,V1304,10509,0.0,10.0,14:59:57.0,6675.0
2013,01,15,DCE,V,V1305,337796,26042.0,89436.0,14:59:59.0,6635.0
2013,01,15,DCE,V,V1306,12620,0.0,0.0,14:59:56.0,6695.0
2013,01,15,DCE,V,V1307,960,0.0,2.0,14:59:53.0,6575.0
2013,01,15,DCE,V,V1308,6679,0.0,0.0,14:59:52.0,6655.0
2013,01,15,DCE,V,V1309,77600,804.0,4566.0,14:59:58.0,6795.0
2013,01,15,DCE,V,V1310,9488,0.0,0.0,14:59:48.0,6795.0
2013,01,15,DCE,V,V1311,7706,0.0,0.0,14:59:51.0,6925.0
2013,01,15,DCE,V,V1312,2424,0.0,0.0,14:59:51.0,6860.0
2013,01,16,DCE,V,V1301,47332,16.0,3736.0,14:59:55.0,6310.0
2013,01,16,DCE,V,V1302,1035,0.0,12.0,14:59:55.0,6330.0
2013,01,16,DCE,V,V1303,20629,8.0,14.0,14:59:55.0,6465.0
2013,01,16,DCE,V,V1304,33243,2.0,10.0,14:59:55.0,6640.0
2013,01,16,DCE,V,V1305,350714,34716.0,83662.0,15:00:00.0,6620.0
2013,01,16,DCE,V,V1306,38240,0.0,0.0,14:59:55.0,6695.0
2013,01,16,DCE,V,V1307,12042,0.0,2.0,14:57:31.0,6575.0
2013,01,16,DCE,V,V1308,19823,0.0,0.0,14:59:50.0,6655.0
2013,01,16,DCE,V,V1309,68469,1350.0,4382.0,14:59:58.0,6775.0
2013,01,16,DCE,V,V1310,27241,0.0,0.0,14:59:55.0,6795.0
2013,01,16,DCE,V,V1311,18624,0.0,0.0,14:59:55.0,6925.0
2013,01,16,DCE,V,V1312,15579,20.0,0.0,14:59:55.0,6950.0
2013,01,17,DCE,V,V1301,23338,108.0,0.0,14:59:40.0,6295.0
2013,01,17,DCE,V,V1302,804,0.0,12.0,14:59:57.0,6330.0
2013,01,17,DCE,V,V1303,12193,0.0,14.0,14:59:57.0,6465.0
2013,01,17,DCE,V,V1304,11054,0.0,10.0,14:59:57.0,6640.0
2013,01,17,DCE,V,V1305,231161,16168.0,82020.0,14:59:59.0,6620.0
2013,01,17,DCE,V,V1306,23740,0.0,0.0,14:59:47.0,6695.0
2013,01,17,DCE,V,V1307,8201,0.0,2.0,14:58:14.0,6575.0
2013,01,17,DCE,V,V1308,19538,0.0,0.0,14:59:12.0,6655.0
2013,01,17,DCE,V,V1309,44159,416.0,4440.0,14:59:57.0,6760.0
2013,01,17,DCE,V,V1310,31015,0.0,0.0,14:58:41.0,6795.0
2013,01,17,DCE,V,V1311,17646,0.0,0.0,14:58:27.0,6925.0
2013,01,17,DCE,V,V1312,12413,0.0,0.0,14:59:57.0,6950.0
2013,01,18,DCE,V,V1302,6378,0.0,12.0,14:52:35.0,6330.0
2013,01,18,DCE,V,V1303,12678,2.0,16.0,14:59:56.0,6540.0
2013,01,18,DCE,V,V1304,6675,0.0,10.0,14:59:56.0,6640.0
2013,01,18,DCE,V,V1305,384604,45142.0,84762.0,15:00:00.0,6680.0
2013,01,18,DCE,V,V1306,36258,0.0,0.0,14:59:56.0,6695.0
2013,01,18,DCE,V,V1307,8428,0.0,2.0,14:58:15.0,6575.0
2013,01,18,DCE,V,V1308,20676,0.0,0.0,14:59:56.0,6655.0
2013,01,18,DCE,V,V1309,81983,1204.0,4636.0,15:00:00.0,6850.0
2013,01,18,DCE,V,V1310,30270,0.0,0.0,14:59:56.0,6795.0
2013,01,18,DCE,V,V1311,31208,0.0,0.0,14:59:05.0,6925.0
2013,01,18,DCE,V,V1312,11810,0.0,0.0,14:57:06.0,6875.0
2013,01,18,DCE,V,V1401,9632,4.0,2.0,14:59:59.0,6865.0
2013,01,21,DCE,V,V1302,4285,0.0,12.0,14:59:55.0,6330.0
2013,01,21,DCE,V,V1303,10434,2.0,16.0,14:59:55.0,6530.0
2013,01,21,DCE,V,V1304,12787,2.0,10.0,14:59:55.0,6900.0
2013,01,21,DCE,V,V1305,251472,22932.0,85958.0,14:59:59.0,6670.0
2013,01,21,DCE,V,V1306,36101,0.0,0.0,14:59:55.0,6695.0
2013,01,21,DCE,V,V1307,8168,0.0,2.0,14:59:40.0,6575.0
2013,01,21,DCE,V,V1308,9175,0.0,0.0,14:59:53.0,6655.0
2013,01,21,DCE,V,V1309,50133,1174.0,4916.0,14:59:58.0,6845.0
2013,01,21,DCE,V,V1310,25388,0.0,0.0,14:59:40.0,6795.0
2013,01,21,DCE,V,V1311,18975,0.0,0.0,14:59:51.0,6925.0
2013,01,21,DCE,V,V1312,13352,0.0,0.0,14:59:51.0,6875.0
2013,01,21,DCE,V,V1401,4118,2.0,2.0,14:59:55.0,7020.0
2013,01,22,DCE,V,V1302,13825,0.0,12.0,14:59:59.0,6330.0
2013,01,22,DCE,V,V1303,9704,8.0,16.0,14:59:59.0,6540.0
2013,01,22,DCE,V,V1304,9449,2.0,10.0,14:59:56.0,7145.0
2013,01,22,DCE,V,V1305,222879,15478.0,85570.0,14:59:59.0,6675.0
2013,01,22,DCE,V,V1306,37149,0.0,0.0,14:59:56.0,6695.0
2013,01,22,DCE,V,V1307,9450,8.0,2.0,14:59:56.0,6670.0
2013,01,22,DCE,V,V1308,11338,0.0,0.0,14:58:10.0,6655.0
2013,01,22,DCE,V,V1309,45500,566.0,4928.0,14:59:56.0,6850.0
2013,01,22,DCE,V,V1310,17645,0.0,0.0,14:57:36.0,6795.0
2013,01,22,DCE,V,V1311,20513,0.0,0.0,14:59:56.0,6925.0
2013,01,22,DCE,V,V1312,16903,0.0,0.0,14:57:12.0,6875.0
2013,01,22,DCE,V,V1401,4062,2.0,4.0,14:59:54.0,6850.0
2013,01,23,DCE,V,V1302,7863,0.0,12.0,14:59:56.0,6330.0
2013,01,23,DCE,V,V1303,6145,0.0,16.0,14:59:56.0,6540.0
2013,01,23,DCE,V,V1304,3863,2.0,12.0,14:59:47.0,7140.0
2013,01,23,DCE,V,V1305,221998,18292.0,85730.0,14:59:59.0,6680.0
2013,01,23,DCE,V,V1306,47483,18.0,2.0,14:59:56.0,6740.0
2013,01,23,DCE,V,V1307,8963,0.0,2.0,14:59:57.0,6670.0
2013,01,23,DCE,V,V1308,10881,0.0,0.0,14:59:56.0,6655.0
2013,01,23,DCE,V,V1309,38359,518.0,4882.0,14:59:56.0,6865.0
2013,01,23,DCE,V,V1310,19207,0.0,0.0,14:59:56.0,6795.0
2013,01,23,DCE,V,V1311,24709,0.0,0.0,14:59:56.0,6925.0
2013,01,23,DCE,V,V1312,13082,0.0,0.0,14:57:18.0,6875.0
2013,01,23,DCE,V,V1401,4433,0.0,4.0,14:59:53.0,6850.0
2013,01,24,DCE,V,V1302,8241,0.0,12.0,14:59:56.0,6330.0
2013,01,24,DCE,V,V1303,8359,0.0,16.0,14:59:56.0,6500.0
2013,01,24,DCE,V,V1304,5915,4.0,12.0,14:59:55.0,6720.0
2013,01,24,DCE,V,V1305,453832,75046.0,89028.0,15:00:00.0,6665.0
2013,01,24,DCE,V,V1306,33694,2.0,0.0,14:59:56.0,6690.0
2013,01,24,DCE,V,V1307,9609,0.0,2.0,14:59:56.0,6730.0
2013,01,24,DCE,V,V1308,10336,0.0,0.0,14:57:52.0,6655.0
2013,01,24,DCE,V,V1309,81208,1696.0,5328.0,15:00:00.0,6845.0
2013,01,24,DCE,V,V1310,17544,0.0,0.0,14:58:21.0,6795.0
2013,01,24,DCE,V,V1311,22700,0.0,0.0,14:59:52.0,6925.0
2013,01,24,DCE,V,V1312,14306,0.0,0.0,14:57:55.0,6875.0
2013,01,24,DCE,V,V1401,9331,2.0,4.0,14:59:51.0,6975.0
2013,01,25,DCE,V,V1302,8027,0.0,12.0,14:59:55.0,6330.0
2013,01,25,DCE,V,V1303,5031,0.0,16.0,14:59:55.0,6500.0
2013,01,25,DCE,V,V1304,19544,4.0,12.0,14:59:59.0,7005.0
2013,01,25,DCE,V,V1305,291653,30608.0,91430.0,15:00:00.0,6690.0
2013,01,25,DCE,V,V1306,26920,0.0,0.0,14:59:59.0,6690.0
2013,01,25,DCE,V,V1307,8009,0.0,2.0,14:59:56.0,6730.0
2013,01,25,DCE,V,V1308,1929,0.0,0.0,13:30:10.0,6655.0
2013,01,25,DCE,V,V1309,61315,1838.0,5970.0,15:00:00.0,6865.0
2013,01,25,DCE,V,V1310,26935,0.0,0.0,14:59:53.0,6795.0
2013,01,25,DCE,V,V1311,17269,0.0,0.0,14:59:27.0,6925.0
2013,01,25,DCE,V,V1312,4622,0.0,0.0,13:30:16.0,6875.0
2013,01,25,DCE,V,V1401,8991,0.0,4.0,15:00:00.0,6975.0
2013,01,28,DCE,V,V1302,4545,0.0,12.0,14:59:59.0,6330.0
2013,01,28,DCE,V,V1303,824,0.0,16.0,14:59:55.0,6500.0
2013,01,28,DCE,V,V1304,18627,8.0,6.0,14:59:56.0,6710.0
2013,01,28,DCE,V,V1305,313934,34608.0,96064.0,15:00:00.0,6710.0
2013,01,28,DCE,V,V1306,33159,0.0,0.0,14:59:59.0,6690.0
2013,01,28,DCE,V,V1307,11191,0.0,2.0,14:59:59.0,6730.0
2013,01,28,DCE,V,V1308,5929,6.0,0.0,14:59:56.0,6735.0
2013,01,28,DCE,V,V1309,64734,1894.0,6670.0,15:00:00.0,6905.0
2013,01,28,DCE,V,V1310,18134,0.0,0.0,14:59:23.0,6795.0
2013,01,28,DCE,V,V1311,12282,0.0,0.0,14:59:18.0,6925.0
2013,01,28,DCE,V,V1312,9614,0.0,0.0,14:59:33.0,6875.0
2013,01,28,DCE,V,V1401,16464,0.0,4.0,15:00:00.0,6975.0
2013,01,29,DCE,V,V1302,3386,12.0,12.0,14:59:56.0,6400.0
2013,01,29,DCE,V,V1303,5605,0.0,16.0,14:59:54.0,6500.0
2013,01,29,DCE,V,V1304,19220,0.0,6.0,14:59:58.0,6710.0
2013,01,29,DCE,V,V1305,308222,28602.0,95810.0,15:00:00.0,6710.0
2013,01,29,DCE,V,V1306,39524,0.0,0.0,14:59:59.0,6690.0
2013,01,29,DCE,V,V1307,4708,0.0,2.0,14:59:58.0,6730.0
2013,01,29,DCE,V,V1308,10167,0.0,0.0,14:59:58.0,6735.0
2013,01,29,DCE,V,V1309,84441,2892.0,7996.0,15:00:00.0,6910.0
2013,01,29,DCE,V,V1310,18505,0.0,0.0,14:59:58.0,6795.0
2013,01,29,DCE,V,V1311,27577,0.0,0.0,14:59:50.0,6925.0
2013,01,29,DCE,V,V1312,10227,0.0,0.0,14:59:58.0,6875.0
2013,01,29,DCE,V,V1401,14821,0.0,4.0,15:00:00.0,6975.0
2013,01,30,DCE,V,V1302,7841,0.0,12.0,14:59:56.0,6400.0
2013,01,30,DCE,V,V1303,6965,0.0,16.0,14:59:56.0,6500.0
2013,01,30,DCE,V,V1304,26606,6.0,10.0,14:59:57.0,6745.0
2013,01,30,DCE,V,V1305,462516,69766.0,110688.0,14:59:59.0,6745.0
2013,01,30,DCE,V,V1306,40389,0.0,0.0,14:59:57.0,6690.0
2013,01,30,DCE,V,V1307,10250,0.0,2.0,14:59:57.0,6730.0
2013,01,30,DCE,V,V1308,10901,0.0,0.0,14:59:57.0,6855.0
2013,01,30,DCE,V,V1309,126011,11472.0,9930.0,14:59:59.0,6965.0
2013,01,30,DCE,V,V1310,6665,0.0,0.0,14:59:57.0,6795.0
2013,01,30,DCE,V,V1311,9157,0.0,0.0,14:59:57.0,6925.0
2013,01,30,DCE,V,V1312,10760,0.0,0.0,14:58:35.0,6875.0
2013,01,30,DCE,V,V1401,16150,42.0,22.0,14:59:55.0,7130.0
2013,01,31,DCE,V,V1302,3897,0.0,12.0,14:59:55.0,6340.0
2013,01,31,DCE,V,V1303,4133,0.0,16.0,14:59:55.0,6500.0
2013,01,31,DCE,V,V1304,18964,2.0,12.0,14:59:59.0,6710.0
2013,01,31,DCE,V,V1305,316300,28626.0,109398.0,15:00:00.0,6735.0
2013,01,31,DCE,V,V1306,45003,0.0,0.0,14:59:56.0,6690.0
2013,01,31,DCE,V,V1307,15202,0.0,2.0,14:59:56.0,6730.0
2013,01,31,DCE,V,V1308,9768,0.0,0.0,14:59:56.0,6855.0
2013,01,31,DCE,V,V1309,102685,4700.0,10214.0,15:00:00.0,6955.0
2013,01,31,DCE,V,V1310,8506,0.0,0.0,14:59:53.0,6795.0
2013,01,31,DCE,V,V1311,23607,0.0,0.0,14:59:53.0,6925.0
2013,01,31,DCE,V,V1312,6111,0.0,0.0,14:59:53.0,6875.0
2013,01,31,DCE,V,V1401,14837,52.0,28.0,14:59:59.0,7090.0
2013,01,04,DCE,Y,Y1301,1687,8.0,1058.0,14:59:31.0,9090.0
2013,01,04,DCE,Y,Y1303,31951,0.0,70.0,14:59:59.0,8662.0
2013,01,04,DCE,Y,Y1305,1482700,491458.0,474660.0,15:00:00.0,8768.0
2013,01,04,DCE,Y,Y1307,69263,6.0,44.0,14:59:56.0,8788.0
2013,01,04,DCE,Y,Y1308,76740,2.0,16.0,14:59:59.0,8766.0
2013,01,04,DCE,Y,Y1309,1279934,242602.0,261180.0,15:00:00.0,8782.0
2013,01,04,DCE,Y,Y1311,102111,2.0,6.0,14:59:59.0,8834.0
2013,01,04,DCE,Y,Y1312,34873,44.0,44.0,14:59:55.0,8750.0
2013,01,07,DCE,Y,Y1301,1310,4.0,1054.0,14:30:51.0,8980.0
2013,01,07,DCE,Y,Y1303,52590,34.0,72.0,14:59:58.0,8566.0
2013,01,07,DCE,Y,Y1305,1522070,534014.0,508554.0,15:00:00.0,8688.0
2013,01,07,DCE,Y,Y1307,104068,0.0,44.0,14:59:58.0,8788.0
2013,01,07,DCE,Y,Y1308,106666,6.0,16.0,14:59:58.0,8770.0
2013,01,07,DCE,Y,Y1309,1350671,309146.0,290088.0,15:00:00.0,8724.0
2013,01,07,DCE,Y,Y1311,108409,6.0,10.0,14:59:59.0,8736.0
2013,01,07,DCE,Y,Y1312,47785,4.0,44.0,14:59:57.0,8750.0
2013,01,08,DCE,Y,Y1301,994,4.0,1050.0,14:12:11.0,8750.0
2013,01,08,DCE,Y,Y1303,69675,8.0,72.0,14:59:58.0,8614.0
2013,01,08,DCE,Y,Y1305,1464926,490834.0,457604.0,15:00:00.0,8660.0
2013,01,08,DCE,Y,Y1307,103712,12.0,48.0,14:59:51.0,8692.0
2013,01,08,DCE,Y,Y1308,82401,24.0,24.0,14:59:57.0,8762.0
2013,01,08,DCE,Y,Y1309,1432406,416642.0,372072.0,15:00:00.0,8668.0
2013,01,08,DCE,Y,Y1311,121235,0.0,10.0,14:59:59.0,8736.0
2013,01,08,DCE,Y,Y1312,37293,0.0,44.0,14:59:56.0,8750.0
2013,01,09,DCE,Y,Y1301,443,0.0,1050.0,11:15:49.0,8750.0
2013,01,09,DCE,Y,Y1303,62254,2.0,74.0,14:59:58.0,8596.0
2013,01,09,DCE,Y,Y1305,1387519,353340.0,463632.0,15:00:00.0,8600.0
2013,01,09,DCE,Y,Y1307,102757,4.0,48.0,14:59:59.0,8726.0
2013,01,09,DCE,Y,Y1308,80076,0.0,24.0,14:59:59.0,8762.0
2013,01,09,DCE,Y,Y1309,1320498,273548.0,369794.0,15:00:00.0,8608.0
2013,01,09,DCE,Y,Y1311,133368,0.0,10.0,14:59:59.0,8736.0
2013,01,09,DCE,Y,Y1312,84759,0.0,44.0,14:59:56.0,8736.0
2013,01,10,DCE,Y,Y1301,553,2.0,796.0,14:59:06.0,8230.0
2013,01,10,DCE,Y,Y1303,64368,2.0,74.0,14:59:58.0,8568.0
2013,01,10,DCE,Y,Y1305,1382128,366328.0,482564.0,15:00:00.0,8562.0
2013,01,10,DCE,Y,Y1307,100706,2.0,46.0,14:59:57.0,8628.0
2013,01,10,DCE,Y,Y1308,77224,12.0,20.0,14:59:59.0,8636.0
2013,01,10,DCE,Y,Y1309,1275945,289066.0,391038.0,15:00:00.0,8556.0
2013,01,10,DCE,Y,Y1311,165075,0.0,10.0,14:59:59.0,8736.0
2013,01,10,DCE,Y,Y1312,40533,4.0,46.0,14:59:51.0,8600.0
2013,01,11,DCE,Y,Y1301,927,0.0,796.0,11:09:11.0,8230.0
2013,01,11,DCE,Y,Y1303,41562,12.0,72.0,14:59:58.0,8480.0
2013,01,11,DCE,Y,Y1305,1449220,441100.0,501760.0,15:00:00.0,8488.0
2013,01,11,DCE,Y,Y1307,80518,4.0,50.0,14:59:58.0,8628.0
2013,01,11,DCE,Y,Y1308,96896,24.0,32.0,14:59:50.0,8506.0
2013,01,11,DCE,Y,Y1309,1380478,340506.0,393160.0,15:00:00.0,8472.0
2013,01,11,DCE,Y,Y1311,102205,0.0,10.0,14:59:59.0,8736.0
2013,01,11,DCE,Y,Y1312,51441,0.0,46.0,14:59:50.0,8600.0
2013,01,14,DCE,Y,Y1301,270,0.0,796.0,09:46:58.0,8230.0
2013,01,14,DCE,Y,Y1303,37287,4.0,72.0,14:59:58.0,8484.0
2013,01,14,DCE,Y,Y1305,1332458,330722.0,487406.0,15:00:00.0,8530.0
2013,01,14,DCE,Y,Y1307,73272,2.0,52.0,15:00:00.0,8610.0
2013,01,14,DCE,Y,Y1308,98025,20.0,24.0,15:00:00.0,8612.0
2013,01,14,DCE,Y,Y1309,1366787,323898.0,390474.0,15:00:00.0,8528.0
2013,01,14,DCE,Y,Y1311,105944,0.0,10.0,14:59:59.0,8736.0
2013,01,14,DCE,Y,Y1312,46473,4.0,46.0,14:59:58.0,8580.0
2013,01,15,DCE,Y,Y1301,1051,44.0,750.0,14:13:18.0,8410.0
2013,01,15,DCE,Y,Y1303,41820,4.0,70.0,14:59:58.0,8598.0
2013,01,15,DCE,Y,Y1305,1326801,306024.0,457752.0,15:00:00.0,8594.0
2013,01,15,DCE,Y,Y1307,66993,6.0,48.0,14:59:59.0,8690.0
2013,01,15,DCE,Y,Y1308,56920,4.0,20.0,14:59:56.0,8700.0
2013,01,15,DCE,Y,Y1309,1329680,353148.0,360208.0,15:00:00.0,8610.0
2013,01,15,DCE,Y,Y1311,112324,0.0,10.0,14:59:59.0,8736.0
2013,01,15,DCE,Y,Y1312,48795,2.0,48.0,14:59:56.0,8640.0
2013,01,16,DCE,Y,Y1301,1017,188.0,562.0,14:23:01.0,8500.0
2013,01,16,DCE,Y,Y1303,25370,10.0,70.0,14:59:58.0,8616.0
2013,01,16,DCE,Y,Y1305,1222712,257748.0,442376.0,15:00:00.0,8642.0
2013,01,16,DCE,Y,Y1307,79925,10.0,50.0,14:59:59.0,8692.0
2013,01,16,DCE,Y,Y1308,59921,26.0,18.0,14:59:58.0,8722.0
2013,01,16,DCE,Y,Y1309,1266882,337540.0,365388.0,15:00:00.0,8666.0
2013,01,16,DCE,Y,Y1311,93258,0.0,10.0,14:59:59.0,8736.0
2013,01,16,DCE,Y,Y1312,19745,0.0,48.0,14:59:57.0,8640.0
2013,01,17,DCE,Y,Y1301,390,0.0,0.0,14:40:52.0,8500.0
2013,01,17,DCE,Y,Y1303,67834,10.0,72.0,14:59:58.0,8598.0
2013,01,17,DCE,Y,Y1305,1187745,208194.0,436198.0,15:00:00.0,8628.0
2013,01,17,DCE,Y,Y1307,49393,14.0,50.0,14:59:57.0,8674.0
2013,01,17,DCE,Y,Y1308,45554,52.0,30.0,14:59:58.0,8708.0
2013,01,17,DCE,Y,Y1309,1321150,368604.0,350170.0,15:00:00.0,8676.0
2013,01,17,DCE,Y,Y1311,69661,0.0,10.0,14:59:59.0,8736.0
2013,01,17,DCE,Y,Y1312,35188,0.0,48.0,14:59:57.0,8640.0
2013,01,18,DCE,Y,Y1303,65407,8.0,76.0,14:59:59.0,8580.0
2013,01,18,DCE,Y,Y1305,1238793,248730.0,420256.0,15:00:00.0,8678.0
2013,01,18,DCE,Y,Y1307,82864,14.0,64.0,14:59:59.0,8702.0
2013,01,18,DCE,Y,Y1308,38486,4.0,30.0,14:59:59.0,8800.0
2013,01,18,DCE,Y,Y1309,1364549,490308.0,383072.0,15:00:00.0,8782.0
2013,01,18,DCE,Y,Y1311,132157,0.0,10.0,14:59:59.0,8736.0
2013,01,18,DCE,Y,Y1312,29911,0.0,48.0,14:59:59.0,8640.0
2013,01,18,DCE,Y,Y1401,105983,3148.0,2998.0,14:59:59.0,8838.0
2013,01,21,DCE,Y,Y1303,22771,2.0,74.0,14:59:57.0,8670.0
2013,01,21,DCE,Y,Y1305,1105597,163866.0,403696.0,15:00:00.0,8714.0
2013,01,21,DCE,Y,Y1307,82370,0.0,64.0,14:59:59.0,8702.0
2013,01,21,DCE,Y,Y1308,100261,18.0,30.0,14:59:59.0,8828.0
2013,01,21,DCE,Y,Y1309,1389947,491974.0,403956.0,15:00:00.0,8846.0
2013,01,21,DCE,Y,Y1311,116456,4.0,12.0,14:59:59.0,8900.0
2013,01,21,DCE,Y,Y1312,32831,0.0,48.0,14:59:57.0,8640.0
2013,01,21,DCE,Y,Y1401,145566,1104.0,3580.0,15:00:00.0,8904.0
2013,01,22,DCE,Y,Y1303,39587,2.0,72.0,14:59:57.0,8700.0
2013,01,22,DCE,Y,Y1305,1156860,159270.0,374348.0,15:00:00.0,8750.0
2013,01,22,DCE,Y,Y1307,92696,14.0,56.0,14:59:59.0,8794.0
2013,01,22,DCE,Y,Y1308,89710,6.0,32.0,14:59:59.0,8830.0
2013,01,22,DCE,Y,Y1309,1430510,410644.0,412824.0,15:00:00.0,8848.0
2013,01,22,DCE,Y,Y1311,102183,0.0,12.0,14:59:59.0,8900.0
2013,01,22,DCE,Y,Y1312,58588,4.0,48.0,14:59:53.0,8946.0
2013,01,22,DCE,Y,Y1401,178364,7524.0,7946.0,14:59:58.0,8906.0
2013,01,23,DCE,Y,Y1303,40523,0.0,72.0,14:59:56.0,8700.0
2013,01,23,DCE,Y,Y1305,922472,104394.0,361452.0,15:00:00.0,8758.0
2013,01,23,DCE,Y,Y1307,72260,2.0,54.0,14:59:56.0,8790.0
2013,01,23,DCE,Y,Y1308,73877,14.0,36.0,14:59:58.0,8836.0
2013,01,23,DCE,Y,Y1309,1296542,331530.0,419824.0,15:00:00.0,8848.0
2013,01,23,DCE,Y,Y1311,79021,0.0,12.0,14:59:58.0,8908.0
2013,01,23,DCE,Y,Y1312,36264,26.0,46.0,14:59:56.0,8856.0
2013,01,23,DCE,Y,Y1401,141009,494.0,7880.0,14:59:56.0,8912.0
2013,01,24,DCE,Y,Y1303,38838,18.0,60.0,14:59:58.0,8586.0
2013,01,24,DCE,Y,Y1305,1027328,112708.0,356444.0,14:59:59.0,8624.0
2013,01,24,DCE,Y,Y1307,71985,34.0,56.0,14:59:59.0,8680.0
2013,01,24,DCE,Y,Y1308,48430,34.0,30.0,14:59:58.0,8722.0
2013,01,24,DCE,Y,Y1309,1441958,503812.0,423170.0,15:00:00.0,8688.0
2013,01,24,DCE,Y,Y1311,93379,2.0,12.0,14:59:59.0,8584.0
2013,01,24,DCE,Y,Y1312,59812,2.0,44.0,14:59:59.0,8744.0
2013,01,24,DCE,Y,Y1401,108409,1094.0,7778.0,14:59:59.0,8746.0
2013,01,25,DCE,Y,Y1303,52621,0.0,60.0,14:59:57.0,8586.0
2013,01,25,DCE,Y,Y1305,786112,61452.0,350508.0,15:00:00.0,8650.0
2013,01,25,DCE,Y,Y1307,58401,2.0,54.0,14:59:57.0,8710.0
2013,01,25,DCE,Y,Y1308,51179,12.0,30.0,14:59:57.0,8728.0
2013,01,25,DCE,Y,Y1309,1275550,362954.0,430328.0,15:00:00.0,8736.0
2013,01,25,DCE,Y,Y1311,72340,2.0,10.0,15:00:00.0,8754.0
2013,01,25,DCE,Y,Y1312,70346,0.0,44.0,14:59:53.0,8744.0
2013,01,25,DCE,Y,Y1401,85458,734.0,7898.0,15:00:00.0,8804.0
2013,01,28,DCE,Y,Y1303,61068,0.0,60.0,14:59:58.0,8602.0
2013,01,28,DCE,Y,Y1305,786145,56336.0,348396.0,15:00:00.0,8660.0
2013,01,28,DCE,Y,Y1307,81817,0.0,54.0,14:59:59.0,8710.0
2013,01,28,DCE,Y,Y1308,72961,16.0,30.0,14:59:59.0,8718.0
2013,01,28,DCE,Y,Y1309,1371951,421764.0,447090.0,15:00:00.0,8746.0
2013,01,28,DCE,Y,Y1311,81308,2.0,8.0,14:59:58.0,8764.0
2013,01,28,DCE,Y,Y1312,51009,0.0,44.0,14:59:57.0,8744.0
2013,01,28,DCE,Y,Y1401,90775,732.0,8140.0,15:00:00.0,8814.0
2013,01,29,DCE,Y,Y1303,42747,2.0,60.0,14:59:57.0,8550.0
2013,01,29,DCE,Y,Y1305,836066,61262.0,345390.0,15:00:00.0,8618.0
2013,01,29,DCE,Y,Y1307,93608,6.0,54.0,14:59:57.0,8686.0
2013,01,29,DCE,Y,Y1308,87174,0.0,30.0,14:59:58.0,8718.0
2013,01,29,DCE,Y,Y1309,1465516,515556.0,473152.0,15:00:00.0,8684.0
2013,01,29,DCE,Y,Y1311,124181,0.0,8.0,14:59:59.0,8764.0
2013,01,29,DCE,Y,Y1312,75687,2.0,46.0,14:59:58.0,8702.0
2013,01,29,DCE,Y,Y1401,120929,1444.0,7716.0,15:00:00.0,8758.0
2013,01,30,DCE,Y,Y1303,48892,8.0,52.0,14:59:58.0,8588.0
2013,01,30,DCE,Y,Y1305,771021,63174.0,337420.0,14:59:59.0,8654.0
2013,01,30,DCE,Y,Y1307,69484,8.0,50.0,14:59:58.0,8712.0
2013,01,30,DCE,Y,Y1308,105881,0.0,30.0,14:59:58.0,8718.0
2013,01,30,DCE,Y,Y1309,1391108,435582.0,470062.0,14:59:59.0,8734.0
2013,01,30,DCE,Y,Y1311,143745,0.0,8.0,14:59:53.0,8764.0
2013,01,30,DCE,Y,Y1312,41956,2.0,44.0,14:59:57.0,8736.0
2013,01,30,DCE,Y,Y1401,115412,990.0,8248.0,14:59:59.0,8802.0
2013,01,31,DCE,Y,Y1303,59131,0.0,52.0,14:59:58.0,8588.0
2013,01,31,DCE,Y,Y1305,726463,71496.0,318060.0,15:00:00.0,8720.0
2013,01,31,DCE,Y,Y1307,95827,12.0,48.0,14:59:59.0,8782.0
2013,01,31,DCE,Y,Y1308,104071,0.0,30.0,14:59:59.0,8718.0
2013,01,31,DCE,Y,Y1309,1353687,412996.0,453078.0,15:00:00.0,8820.0
2013,01,31,DCE,Y,Y1311,127181,0.0,8.0,15:00:00.0,8764.0
2013,01,31,DCE,Y,Y1312,29507,46.0,58.0,14:59:57.0,8838.0
2013,01,31,DCE,Y,Y1401,95026,1136.0,8400.0,15:00:00.0,8886.0
2013,02,01,DCE,A,A1303,34052,20.0,154.0,14:59:34.592,4802.0
2013,02,01,DCE,A,A1305,362962,22686.0,141856.0,14:59:34.592,4866.0
2013,02,01,DCE,A,A1307,44503,4.0,22.0,14:59:34.576,4855.0
2013,02,01,DCE,A,A1309,442420,39942.0,157210.0,14:59:34.607,4854.0
2013,02,01,DCE,A,A1311,56283,0.0,24.0,14:59:34.607,0.0
2013,02,01,DCE,A,A1401,131361,3886.0,47004.0,14:59:34.607,4790.0
2013,02,01,DCE,A,A1403,12359,0.0,0.0,14:59:34.607,0.0
2013,02,01,DCE,A,A1405,13152,64.0,520.0,14:59:34.623,4859.0
2013,02,01,DCE,A,A1407,15895,0.0,0.0,14:59:34.623,0.0
2013,02,04,DCE,A,A1303,20437,0.0,154.0,14:59:53.0,4802.0
2013,02,04,DCE,A,A1305,314695,17812.0,138076.0,15:00:00.0,4858.0
2013,02,04,DCE,A,A1307,58712,4.0,22.0,14:59:59.0,4851.0
2013,02,04,DCE,A,A1309,398843,35242.0,153612.0,15:00:00.0,4841.0
2013,02,04,DCE,A,A1311,72164,0.0,24.0,14:59:59.0,4802.0
2013,02,04,DCE,A,A1401,97525,2356.0,46750.0,15:00:00.0,4787.0
2013,02,04,DCE,A,A1403,34978,0.0,0.0,14:59:53.0,4792.0
