YYYY,MM,DD,EXCH,COMMODITY,TICKER,FILESIZE,VOLUME,OPENINT,TIMESTAMP,LASTPRICE
2014,11,03,CZCE,CF,CF411,6238,986.0,9594.0,14:57:27.0,14450.0
2014,11,03,CZCE,CF,CF501,1232380,320220.0,440604.0,14:59:59.0,13420.0
2014,11,03,CZCE,CF,CF503,133208,34.0,682.0,14:59:59.0,13380.0
2014,11,03,CZCE,CF,CF505,1070758,258722.0,362976.0,14:59:59.0,13270.0
2014,11,03,CZCE,CF,CF507,264453,124.0,542.0,14:59:59.0,13400.0
2014,11,03,CZCE,CF,CF509,268390,6522.0,35710.0,14:59:59.0,13610.0
2014,11,04,CZCE,CF,CF411,5657,1530.0,8222.0,14:57:56.0,14415.0
2014,11,04,CZCE,CF,CF501,1179147,253270.0,437152.0,14:59:59.0,13475.0
2014,11,04,CZCE,CF,CF503,172716,54.0,686.0,14:59:59.0,13365.0
2014,11,04,CZCE,CF,CF505,1020878,254108.0,383342.0,14:59:59.0,13275.0
2014,11,04,CZCE,CF,CF507,173276,40.0,550.0,14:59:59.0,13350.0
2014,11,04,CZCE,CF,CF509,240218,4462.0,35488.0,14:59:59.0,13630.0
2014,11,05,CZCE,CF,CF411,5962,408.0,7900.0,14:59:21.0,14395.0
2014,11,05,CZCE,CF,CF501,1021610,199730.0,422318.0,14:59:59.0,13335.0
2014,11,05,CZCE,CF,CF503,121923,2.0,686.0,14:59:59.0,13300.0
2014,11,05,CZCE,CF,CF505,1052242,264696.0,386998.0,14:59:59.0,13125.0
2014,11,05,CZCE,CF,CF507,152332,64.0,556.0,14:59:59.0,13245.0
2014,11,05,CZCE,CF,CF509,262102,4022.0,35360.0,14:59:59.0,13465.0
2014,11,06,CZCE,CF,CF411,7433,312.0,7636.0,14:56:11.0,14210.0
2014,11,06,CZCE,CF,CF501,947725,170742.0,421572.0,14:59:59.0,13430.0
2014,11,06,CZCE,CF,CF503,91978,4.0,682.0,14:59:57.0,13305.0
2014,11,06,CZCE,CF,CF505,1027865,232164.0,383796.0,14:59:59.0,13220.0
2014,11,06,CZCE,CF,CF507,157226,106.0,620.0,14:59:57.0,13350.0
2014,11,06,CZCE,CF,CF509,274733,3200.0,35606.0,14:59:57.0,13560.0
2014,11,07,CZCE,CF,CF411,7081,476.0,7198.0,14:57:50.0,14050.0
2014,11,07,CZCE,CF,CF501,785211,124428.0,408236.0,14:59:59.0,13420.0
2014,11,07,CZCE,CF,CF503,99167,22.0,680.0,14:59:50.0,13260.0
2014,11,07,CZCE,CF,CF505,937812,170754.0,374618.0,14:59:59.0,13220.0
2014,11,07,CZCE,CF,CF507,96842,24.0,622.0,14:59:50.0,13340.0
2014,11,07,CZCE,CF,CF509,176033,3216.0,35190.0,14:59:54.0,13575.0
2014,11,10,CZCE,CF,CF411,4235,266.0,7196.0,14:44:21.0,14060.0
2014,11,10,CZCE,CF,CF501,705970,119570.0,409340.0,14:59:59.0,13465.0
2014,11,10,CZCE,CF,CF503,81656,6.0,678.0,14:59:54.0,13375.0
2014,11,10,CZCE,CF,CF505,936374,205736.0,383874.0,14:59:59.0,13315.0
2014,11,10,CZCE,CF,CF507,104725,14.0,634.0,14:59:54.0,13470.0
2014,11,10,CZCE,CF,CF509,157614,3694.0,35900.0,14:59:54.0,13675.0
2014,11,11,CZCE,CF,CF411,18392,550.0,7008.0,14:59:57.0,13825.0
2014,11,11,CZCE,CF,CF501,736576,128992.0,395592.0,14:59:59.0,13430.0
2014,11,11,CZCE,CF,CF503,106635,44.0,678.0,14:59:44.0,13270.0
2014,11,11,CZCE,CF,CF505,1041421,287626.0,398922.0,14:59:59.0,13240.0
2014,11,11,CZCE,CF,CF507,127838,180.0,776.0,14:59:56.0,13355.0
2014,11,11,CZCE,CF,CF509,205839,5470.0,36076.0,14:59:59.0,13600.0
2014,11,12,CZCE,CF,CF411,15279,2248.0,6882.0,14:59:44.0,13860.0
2014,11,12,CZCE,CF,CF501,581622,73468.0,389852.0,14:59:58.0,13485.0
2014,11,12,CZCE,CF,CF503,79511,10.0,676.0,14:59:45.0,13375.0
2014,11,12,CZCE,CF,CF505,1033900,228728.0,411012.0,14:59:59.0,13315.0
2014,11,12,CZCE,CF,CF507,106657,44.0,770.0,14:59:40.0,13440.0
2014,11,12,CZCE,CF,CF509,228598,4388.0,35820.0,14:59:58.0,13670.0
2014,11,13,CZCE,CF,CF411,9819,1588.0,5980.0,14:59:29.0,13890.0
2014,11,13,CZCE,CF,CF501,629160,106100.0,387958.0,14:59:59.0,13360.0
2014,11,13,CZCE,CF,CF503,75792,24.0,674.0,14:59:59.0,13280.0
2014,11,13,CZCE,CF,CF505,994345,232338.0,414878.0,14:59:59.0,13220.0
2014,11,13,CZCE,CF,CF507,88083,94.0,796.0,14:59:36.0,13360.0
2014,11,13,CZCE,CF,CF509,226800,2882.0,35730.0,14:59:59.0,13560.0
2014,11,14,CZCE,CF,CF411,2857,52.0,5776.0,14:59:45.0,13600.0
2014,11,14,CZCE,CF,CF501,622598,127720.0,369968.0,14:59:59.0,13230.0
2014,11,14,CZCE,CF,CF503,94623,2.0,672.0,14:59:59.0,13200.0
2014,11,14,CZCE,CF,CF505,1130619,384632.0,436572.0,14:59:59.0,13005.0
2014,11,14,CZCE,CF,CF507,146833,290.0,756.0,14:59:59.0,13140.0
2014,11,14,CZCE,CF,CF509,202940,8606.0,36698.0,14:59:59.0,13335.0
2014,11,17,CZCE,CF,CF501,815944,172458.0,359980.0,14:59:59.0,13020.0
2014,11,17,CZCE,CF,CF503,118938,36.0,686.0,14:55:21.0,12820.0
2014,11,17,CZCE,CF,CF505,1360289,576456.0,531132.0,14:59:59.0,12750.0
2014,11,17,CZCE,CF,CF507,227658,224.0,908.0,14:59:59.0,12890.0
2014,11,17,CZCE,CF,CF509,283608,8146.0,38108.0,14:59:59.0,13090.0
2014,11,17,CZCE,CF,CF511,46201,72.0,64.0,14:59:48.0,13310.0
2014,11,18,CZCE,CF,CF501,614359,105428.0,346916.0,14:59:59.0,13135.0
2014,11,18,CZCE,CF,CF503,87270,0.0,686.0,15:00:00.0,12820.0
2014,11,18,CZCE,CF,CF505,1262272,474128.0,481574.0,14:59:59.0,12890.0
2014,11,18,CZCE,CF,CF507,171835,82.0,858.0,14:59:59.0,13000.0
2014,11,18,CZCE,CF,CF509,285175,10012.0,39014.0,14:59:59.0,13210.0
2014,11,18,CZCE,CF,CF511,105150,70.0,118.0,14:59:59.0,13405.0
2014,11,19,CZCE,CF,CF501,460675,53336.0,348338.0,14:59:59.0,13095.0
2014,11,19,CZCE,CF,CF503,49851,20.0,682.0,14:59:59.0,12880.0
2014,11,19,CZCE,CF,CF505,1123725,265912.0,473680.0,14:59:59.0,12815.0
2014,11,19,CZCE,CF,CF507,97861,24.0,838.0,14:59:59.0,12960.0
2014,11,19,CZCE,CF,CF509,211468,8152.0,39310.0,14:59:59.0,13140.0
2014,11,19,CZCE,CF,CF511,37555,26.0,132.0,14:59:55.0,13330.0
2014,11,20,CZCE,CF,CF501,662190,115112.0,341736.0,14:59:59.0,12940.0
2014,11,20,CZCE,CF,CF503,61009,2.0,684.0,14:59:57.0,12780.0
2014,11,20,CZCE,CF,CF505,1398783,664734.0,549472.0,14:59:59.0,12620.0
2014,11,20,CZCE,CF,CF507,182974,1144.0,1136.0,14:59:56.0,12640.0
2014,11,20,CZCE,CF,CF509,431145,24002.0,43702.0,14:59:58.0,12850.0
2014,11,20,CZCE,CF,CF511,85052,122.0,184.0,14:59:48.0,13025.0
2014,11,21,CZCE,CF,CF501,375845,45940.0,336492.0,14:59:59.0,12940.0
2014,11,21,CZCE,CF,CF503,34539,38.0,696.0,14:59:40.0,12675.0
2014,11,21,CZCE,CF,CF505,1021692,250638.0,544766.0,14:59:59.0,12590.0
2014,11,21,CZCE,CF,CF507,70891,170.0,1078.0,14:59:21.0,12640.0
2014,11,21,CZCE,CF,CF509,293012,28054.0,52030.0,14:59:59.0,12725.0
2014,11,21,CZCE,CF,CF511,51191,190.0,266.0,14:59:28.0,12880.0
2014,11,24,CZCE,CF,CF501,874566,173570.0,319688.0,14:59:59.0,12630.0
2014,11,24,CZCE,CF,CF503,74274,126.0,748.0,14:59:34.0,12505.0
2014,11,24,CZCE,CF,CF505,1363708,480934.0,599866.0,14:59:59.0,12390.0
2014,11,24,CZCE,CF,CF507,118355,272.0,1178.0,14:59:39.0,12435.0
2014,11,24,CZCE,CF,CF509,391898,32716.0,52132.0,14:59:58.0,12600.0
2014,11,24,CZCE,CF,CF511,62201,186.0,328.0,14:59:34.0,12740.0
2014,11,25,CZCE,CF,CF501,1000848,268810.0,305248.0,14:59:59.0,12945.0
2014,11,25,CZCE,CF,CF503,152631,102.0,740.0,14:59:57.0,12845.0
2014,11,25,CZCE,CF,CF505,1510965,1077638.0,524874.0,14:59:59.0,12770.0
2014,11,25,CZCE,CF,CF507,209466,356.0,1338.0,14:59:59.0,12780.0
2014,11,25,CZCE,CF,CF509,487117,41424.0,50810.0,14:59:59.0,12960.0
2014,11,25,CZCE,CF,CF511,109869,1286.0,494.0,14:59:59.0,12935.0
2014,11,26,CZCE,CF,CF501,677023,97326.0,298622.0,14:59:59.0,12775.0
2014,11,26,CZCE,CF,CF503,93708,30.0,754.0,14:58:55.0,12700.0
2014,11,26,CZCE,CF,CF505,1372685,477944.0,535820.0,14:59:59.0,12550.0
2014,11,26,CZCE,CF,CF507,159085,144.0,1334.0,14:59:50.0,12595.0
2014,11,26,CZCE,CF,CF509,321864,15674.0,51784.0,14:59:56.0,12755.0
2014,11,26,CZCE,CF,CF511,78432,184.0,556.0,14:59:41.0,12845.0
2014,11,27,CZCE,CF,CF501,840720,169098.0,297502.0,14:59:59.0,13105.0
2014,11,27,CZCE,CF,CF503,136674,4.0,756.0,14:59:59.0,13060.0
2014,11,27,CZCE,CF,CF505,1569701,779278.0,524566.0,14:59:59.0,12860.0
2014,11,27,CZCE,CF,CF507,189340,254.0,1336.0,14:59:57.0,12820.0
2014,11,27,CZCE,CF,CF509,420778,32702.0,54262.0,14:59:59.0,13000.0
2014,11,27,CZCE,CF,CF511,116213,212.0,556.0,14:59:57.0,13080.0
2014,11,28,CZCE,CF,CF501,811023,126756.0,282928.0,14:59:59.0,13140.0
2014,11,28,CZCE,CF,CF503,102775,82.0,742.0,14:59:59.0,13020.0
2014,11,28,CZCE,CF,CF505,1452696,524042.0,516284.0,14:59:59.0,12800.0
2014,11,28,CZCE,CF,CF507,181186,86.0,1330.0,14:59:55.0,12765.0
2014,11,28,CZCE,CF,CF509,416234,19644.0,55630.0,14:59:57.0,12940.0
2014,11,28,CZCE,CF,CF511,97172,96.0,584.0,14:59:55.0,13040.0
2014,11,03,CZCE,FG,FG411,287,0.0,4.0,15:00:00.0,1143.0
2014,11,03,CZCE,FG,FG412,13248,44.0,84.0,14:59:41.0,1080.0
2014,11,03,CZCE,FG,FG501,1072633,374486.0,414180.0,14:59:59.0,1046.0
2014,11,03,CZCE,FG,FG502,13172,0.0,6.0,15:00:00.0,1023.0
2014,11,03,CZCE,FG,FG503,14439,0.0,14.0,15:00:00.0,1014.0
2014,11,03,CZCE,FG,FG504,20816,0.0,12.0,15:00:00.0,990.0
2014,11,03,CZCE,FG,FG505,269869,35414.0,116832.0,14:59:59.0,997.0
2014,11,03,CZCE,FG,FG506,600698,79868.0,231270.0,14:59:59.0,873.0
2014,11,03,CZCE,FG,FG507,18791,34.0,408.0,14:59:59.0,859.0
2014,11,03,CZCE,FG,FG508,12099,4.0,226.0,14:59:59.0,857.0
2014,11,03,CZCE,FG,FG509,212919,14052.0,129312.0,14:59:59.0,855.0
2014,11,03,CZCE,FG,FG510,4473,2.0,18.0,14:57:41.0,851.0
2014,11,04,CZCE,FG,FG411,187,0.0,4.0,15:00:00.0,1131.0
2014,11,04,CZCE,FG,FG412,8994,4.0,82.0,14:59:59.0,1078.0
2014,11,04,CZCE,FG,FG501,1253955,505302.0,367522.0,14:59:59.0,1024.0
2014,11,04,CZCE,FG,FG502,17076,0.0,6.0,15:00:00.0,1023.0
2014,11,04,CZCE,FG,FG503,15648,0.0,14.0,15:00:00.0,1015.0
2014,11,04,CZCE,FG,FG504,18389,0.0,12.0,15:00:00.0,993.0
2014,11,04,CZCE,FG,FG505,321186,33870.0,111360.0,14:59:59.0,990.0
2014,11,04,CZCE,FG,FG506,663448,98734.0,232974.0,14:59:59.0,859.0
2014,11,04,CZCE,FG,FG507,23605,22.0,402.0,14:59:56.0,847.0
2014,11,04,CZCE,FG,FG508,21131,16.0,224.0,14:59:56.0,849.0
2014,11,04,CZCE,FG,FG509,256452,15924.0,128234.0,14:59:58.0,845.0
2014,11,04,CZCE,FG,FG510,1411,2.0,18.0,14:38:17.0,844.0
2014,11,05,CZCE,FG,FG411,187,0.0,4.0,15:00:00.0,1131.0
2014,11,05,CZCE,FG,FG412,7587,2.0,80.0,14:57:51.0,1051.0
2014,11,05,CZCE,FG,FG501,1039484,262354.0,362076.0,14:59:59.0,1017.0
2014,11,05,CZCE,FG,FG502,8044,0.0,6.0,15:00:00.0,1023.0
2014,11,05,CZCE,FG,FG503,6975,0.0,14.0,15:00:00.0,1015.0
2014,11,05,CZCE,FG,FG504,18180,0.0,12.0,15:00:00.0,993.0
2014,11,05,CZCE,FG,FG505,247887,27052.0,110954.0,14:59:59.0,979.0
2014,11,05,CZCE,FG,FG506,651648,116128.0,252448.0,14:59:59.0,842.0
2014,11,05,CZCE,FG,FG507,26793,40.0,400.0,14:59:51.0,836.0
2014,11,05,CZCE,FG,FG508,24776,18.0,226.0,14:59:51.0,843.0
2014,11,05,CZCE,FG,FG509,241775,18008.0,136924.0,14:59:59.0,832.0
2014,11,05,CZCE,FG,FG510,5249,0.0,18.0,15:00:00.0,844.0
2014,11,06,CZCE,FG,FG411,187,0.0,4.0,15:00:00.0,1131.0
2014,11,06,CZCE,FG,FG412,23055,4.0,80.0,14:57:51.0,1076.0
2014,11,06,CZCE,FG,FG501,887955,212526.0,353668.0,14:59:59.0,1020.0
2014,11,06,CZCE,FG,FG502,9335,20.0,6.0,14:55:22.0,1007.0
2014,11,06,CZCE,FG,FG503,8565,0.0,14.0,15:00:00.0,1003.0
2014,11,06,CZCE,FG,FG504,18646,0.0,12.0,15:00:00.0,993.0
2014,11,06,CZCE,FG,FG505,234192,19570.0,110930.0,14:59:57.0,983.0
2014,11,06,CZCE,FG,FG506,711722,150020.0,255496.0,14:59:59.0,856.0
2014,11,06,CZCE,FG,FG507,32020,58.0,398.0,14:58:47.0,849.0
2014,11,06,CZCE,FG,FG508,27278,10.0,224.0,14:58:47.0,844.0
2014,11,06,CZCE,FG,FG509,266686,18988.0,137084.0,14:59:59.0,842.0
2014,11,06,CZCE,FG,FG510,3145,2.0,18.0,14:58:20.0,838.0
2014,11,07,CZCE,FG,FG411,137,0.0,4.0,09:00:24.0,1131.0
2014,11,07,CZCE,FG,FG412,7589,10.0,80.0,14:42:44.0,1052.0
2014,11,07,CZCE,FG,FG501,951208,210434.0,331250.0,14:59:59.0,1030.0
2014,11,07,CZCE,FG,FG502,8133,0.0,6.0,15:00:00.0,1007.0
2014,11,07,CZCE,FG,FG503,7624,0.0,14.0,15:00:00.0,1003.0
2014,11,07,CZCE,FG,FG504,16465,0.0,12.0,15:00:00.0,993.0
2014,11,07,CZCE,FG,FG505,231270,20180.0,109886.0,14:59:59.0,988.0
2014,11,07,CZCE,FG,FG506,797883,176860.0,263128.0,14:59:59.0,866.0
2014,11,07,CZCE,FG,FG507,32273,88.0,422.0,14:58:24.0,850.0
2014,11,07,CZCE,FG,FG508,26055,52.0,234.0,14:58:24.0,854.0
2014,11,07,CZCE,FG,FG509,293200,23444.0,139092.0,14:59:59.0,850.0
2014,11,07,CZCE,FG,FG510,5587,4.0,18.0,14:58:34.0,858.0
2014,11,10,CZCE,FG,FG411,87,0,0,0,0
2014,11,10,CZCE,FG,FG412,28680,4.0,78.0,14:59:39.0,1074.0
2014,11,10,CZCE,FG,FG501,1159576,411062.0,358534.0,14:59:59.0,1044.0
2014,11,10,CZCE,FG,FG502,10395,0.0,6.0,15:00:00.0,1016.0
2014,11,10,CZCE,FG,FG503,13943,0.0,14.0,15:00:00.0,1003.0
2014,11,10,CZCE,FG,FG504,22549,0.0,12.0,15:00:00.0,993.0
2014,11,10,CZCE,FG,FG505,257867,20374.0,113870.0,14:59:58.0,997.0
2014,11,10,CZCE,FG,FG506,775292,152790.0,272434.0,14:59:59.0,866.0
2014,11,10,CZCE,FG,FG507,38269,54.0,406.0,14:59:59.0,853.0
2014,11,10,CZCE,FG,FG508,28948,12.0,232.0,14:59:55.0,854.0
2014,11,10,CZCE,FG,FG509,358373,25948.0,143752.0,14:59:58.0,850.0
2014,11,10,CZCE,FG,FG510,12327,0.0,18.0,15:00:00.0,858.0
2014,11,11,CZCE,FG,FG411,87,0,0,0,0
2014,11,11,CZCE,FG,FG412,20985,0.0,78.0,15:00:00.0,1074.0
2014,11,11,CZCE,FG,FG501,984989,205176.0,367022.0,14:59:59.0,1044.0
2014,11,11,CZCE,FG,FG502,7112,2.0,6.0,14:57:51.0,1038.0
2014,11,11,CZCE,FG,FG503,9217,4.0,12.0,14:57:51.0,991.0
2014,11,11,CZCE,FG,FG504,13241,0.0,12.0,15:00:00.0,993.0
2014,11,11,CZCE,FG,FG505,181567,10220.0,112882.0,14:59:58.0,998.0
2014,11,11,CZCE,FG,FG506,698030,98810.0,269756.0,14:59:59.0,872.0
2014,11,11,CZCE,FG,FG507,26461,18.0,398.0,14:58:32.0,857.0
2014,11,11,CZCE,FG,FG508,23553,10.0,238.0,14:57:51.0,858.0
2014,11,11,CZCE,FG,FG509,358292,17594.0,142128.0,14:59:59.0,851.0
2014,11,11,CZCE,FG,FG510,16866,8.0,16.0,14:57:42.0,854.0
2014,11,12,CZCE,FG,FG411,87,0,0,0,0
2014,11,12,CZCE,FG,FG412,22675,4.0,78.0,14:59:55.0,1085.0
2014,11,12,CZCE,FG,FG501,1144454,390378.0,382196.0,14:59:59.0,1053.0
2014,11,12,CZCE,FG,FG502,12910,0.0,6.0,15:00:00.0,1038.0
2014,11,12,CZCE,FG,FG503,19482,318.0,8.0,14:59:55.0,1034.0
2014,11,12,CZCE,FG,FG504,22542,26.0,8.0,14:59:55.0,1033.0
2014,11,12,CZCE,FG,FG505,479732,66080.0,132212.0,14:59:59.0,1008.0
2014,11,12,CZCE,FG,FG506,1247340,562676.0,334198.0,14:59:59.0,890.0
2014,11,12,CZCE,FG,FG507,34710,84.0,408.0,14:59:16.0,872.0
2014,11,12,CZCE,FG,FG508,35949,10.0,238.0,14:59:40.0,879.0
2014,11,12,CZCE,FG,FG509,511570,73716.0,128992.0,14:59:59.0,869.0
2014,11,12,CZCE,FG,FG510,29821,0.0,16.0,15:00:00.0,854.0
2014,11,13,CZCE,FG,FG411,87,0,0,0,0
2014,11,13,CZCE,FG,FG412,6999,0.0,78.0,15:00:00.0,1085.0
2014,11,13,CZCE,FG,FG501,840217,162526.0,339452.0,14:59:59.0,1045.0
2014,11,13,CZCE,FG,FG502,11055,0.0,6.0,15:00:00.0,1038.0
2014,11,13,CZCE,FG,FG503,10366,0.0,8.0,15:00:00.0,1034.0
2014,11,13,CZCE,FG,FG504,20192,0.0,8.0,15:00:00.0,1033.0
2014,11,13,CZCE,FG,FG505,234251,16900.0,132726.0,14:59:58.0,1005.0
2014,11,13,CZCE,FG,FG506,1062776,299946.0,347570.0,14:59:59.0,892.0
2014,11,13,CZCE,FG,FG507,26562,32.0,408.0,14:59:06.0,876.0
2014,11,13,CZCE,FG,FG508,23175,2.0,236.0,14:59:19.0,872.0
2014,11,13,CZCE,FG,FG509,262290,17640.0,128112.0,14:59:59.0,868.0
2014,11,13,CZCE,FG,FG510,19312,2.0,18.0,14:59:52.0,873.0
2014,11,14,CZCE,FG,FG411,187,2.0,2.0,14:44:32.0,1095.0
2014,11,14,CZCE,FG,FG412,23363,6.0,78.0,14:59:29.0,1080.0
2014,11,14,CZCE,FG,FG501,845601,231374.0,283322.0,14:59:59.0,1042.0
2014,11,14,CZCE,FG,FG502,13705,0.0,6.0,15:00:00.0,1038.0
2014,11,14,CZCE,FG,FG503,12961,0.0,8.0,15:00:00.0,1040.0
2014,11,14,CZCE,FG,FG504,30582,0.0,8.0,15:00:00.0,1025.0
2014,11,14,CZCE,FG,FG505,385834,46332.0,148584.0,14:59:59.0,1007.0
2014,11,14,CZCE,FG,FG506,1393667,779308.0,416684.0,14:59:59.0,900.0
2014,11,14,CZCE,FG,FG507,27902,44.0,406.0,14:59:49.0,886.0
2014,11,14,CZCE,FG,FG508,45997,100.0,226.0,14:59:54.0,881.0
2014,11,14,CZCE,FG,FG509,420345,46938.0,119170.0,14:59:59.0,877.0
2014,11,14,CZCE,FG,FG510,31362,2.0,18.0,14:59:54.0,879.0
2014,11,17,CZCE,FG,FG412,28180,0.0,78.0,15:00:00.0,1080.0
2014,11,17,CZCE,FG,FG501,558292,80542.0,264538.0,14:59:59.0,1039.0
2014,11,17,CZCE,FG,FG502,10662,0.0,6.0,15:00:00.0,1038.0
2014,11,17,CZCE,FG,FG503,10043,0.0,8.0,15:00:00.0,1036.0
2014,11,17,CZCE,FG,FG504,18176,0.0,8.0,15:00:00.0,1025.0
2014,11,17,CZCE,FG,FG505,268069,23388.0,143506.0,14:59:59.0,1000.0
2014,11,17,CZCE,FG,FG506,1138628,534946.0,402198.0,14:59:59.0,885.0
2014,11,17,CZCE,FG,FG507,21837,50.0,394.0,14:59:46.0,875.0
2014,11,17,CZCE,FG,FG508,29238,16.0,222.0,14:59:33.0,870.0
2014,11,17,CZCE,FG,FG509,279878,25216.0,123558.0,14:59:59.0,869.0
2014,11,17,CZCE,FG,FG510,26205,0.0,18.0,15:00:00.0,879.0
2014,11,17,CZCE,FG,FG511,11037,0.0,0.0,15:00:00.0,879.0
2014,11,18,CZCE,FG,FG412,20176,2.0,76.0,14:59:58.0,1101.0
2014,11,18,CZCE,FG,FG501,540995,91802.0,250114.0,14:59:59.0,1039.0
2014,11,18,CZCE,FG,FG502,17276,0.0,6.0,15:00:00.0,1032.0
2014,11,18,CZCE,FG,FG503,12106,0.0,8.0,15:00:00.0,1033.0
2014,11,18,CZCE,FG,FG504,20355,0.0,8.0,15:00:00.0,1020.0
2014,11,18,CZCE,FG,FG505,275621,72432.0,125168.0,14:59:59.0,993.0
2014,11,18,CZCE,FG,FG506,1118277,502118.0,342192.0,14:59:59.0,875.0
2014,11,18,CZCE,FG,FG507,45539,32.0,392.0,14:59:58.0,860.0
2014,11,18,CZCE,FG,FG508,45133,26.0,222.0,14:59:56.0,862.0
2014,11,18,CZCE,FG,FG509,310877,37846.0,124266.0,14:59:59.0,859.0
2014,11,18,CZCE,FG,FG510,36812,0.0,18.0,15:00:00.0,879.0
2014,11,18,CZCE,FG,FG511,12739,4.0,4.0,14:59:58.0,873.0
2014,11,19,CZCE,FG,FG412,11437,4.0,72.0,14:59:01.0,1109.0
2014,11,19,CZCE,FG,FG501,541366,73516.0,234618.0,14:59:59.0,1045.0
2014,11,19,CZCE,FG,FG502,15422,6.0,4.0,14:54:20.0,1034.0
2014,11,19,CZCE,FG,FG503,11868,0.0,8.0,15:00:00.0,1033.0
2014,11,19,CZCE,FG,FG504,19196,4.0,6.0,14:59:55.0,1000.0
2014,11,19,CZCE,FG,FG505,243882,23280.0,121790.0,14:59:59.0,998.0
2014,11,19,CZCE,FG,FG506,1160971,310300.0,343660.0,14:59:59.0,884.0
2014,11,19,CZCE,FG,FG507,36388,46.0,392.0,14:59:15.0,868.0
2014,11,19,CZCE,FG,FG508,39961,16.0,222.0,14:58:12.0,869.0
2014,11,19,CZCE,FG,FG509,312682,21896.0,123188.0,14:59:59.0,867.0
2014,11,19,CZCE,FG,FG510,24821,6.0,18.0,14:58:09.0,869.0
2014,11,19,CZCE,FG,FG511,8287,0.0,4.0,15:00:00.0,873.0
2014,11,20,CZCE,FG,FG412,12068,8.0,72.0,14:57:51.0,1078.0
2014,11,20,CZCE,FG,FG501,492117,90530.0,215850.0,14:59:59.0,1038.0
2014,11,20,CZCE,FG,FG502,14288,0.0,4.0,15:00:00.0,1034.0
2014,11,20,CZCE,FG,FG503,11479,0.0,8.0,15:00:00.0,1033.0
2014,11,20,CZCE,FG,FG504,22665,2.0,8.0,14:59:56.0,1010.0
2014,11,20,CZCE,FG,FG505,273945,21382.0,117244.0,14:59:59.0,993.0
2014,11,20,CZCE,FG,FG506,1178233,376012.0,348990.0,14:59:59.0,872.0
2014,11,20,CZCE,FG,FG507,37538,10.0,390.0,14:59:59.0,862.0
2014,11,20,CZCE,FG,FG508,46263,0.0,222.0,15:00:00.0,869.0
2014,11,20,CZCE,FG,FG509,298734,21986.0,124562.0,14:59:59.0,858.0
2014,11,20,CZCE,FG,FG510,21202,4.0,22.0,14:59:59.0,876.0
2014,11,20,CZCE,FG,FG511,11930,0.0,4.0,15:00:00.0,876.0
2014,11,21,CZCE,FG,FG412,1620,2.0,70.0,14:57:51.0,1109.0
2014,11,21,CZCE,FG,FG501,366294,45034.0,202102.0,14:59:59.0,1033.0
2014,11,21,CZCE,FG,FG502,8884,0.0,4.0,15:00:00.0,1016.0
2014,11,21,CZCE,FG,FG503,8041,0.0,8.0,15:00:00.0,1033.0
2014,11,21,CZCE,FG,FG504,19094,0.0,8.0,15:00:00.0,1010.0
2014,11,21,CZCE,FG,FG505,267037,21154.0,113128.0,14:59:59.0,980.0
2014,11,21,CZCE,FG,FG506,1106818,314096.0,362812.0,14:59:59.0,862.0
2014,11,21,CZCE,FG,FG507,33272,80.0,400.0,14:59:59.0,845.0
2014,11,21,CZCE,FG,FG508,36139,20.0,222.0,14:59:51.0,857.0
2014,11,21,CZCE,FG,FG509,320811,33374.0,126870.0,14:59:59.0,849.0
2014,11,21,CZCE,FG,FG510,26557,6.0,22.0,14:59:51.0,861.0
2014,11,21,CZCE,FG,FG511,8133,0.0,4.0,15:00:00.0,880.0
2014,11,24,CZCE,FG,FG412,3654,10.0,68.0,14:59:29.0,1109.0
2014,11,24,CZCE,FG,FG501,317375,31806.0,194264.0,14:59:59.0,1038.0
2014,11,24,CZCE,FG,FG502,8289,4.0,4.0,14:55:45.0,992.0
2014,11,24,CZCE,FG,FG503,7725,0.0,8.0,15:00:00.0,1028.0
2014,11,24,CZCE,FG,FG504,11891,0.0,8.0,15:00:00.0,1010.0
2014,11,24,CZCE,FG,FG505,196341,20874.0,108320.0,14:59:59.0,985.0
2014,11,24,CZCE,FG,FG506,1107592,330932.0,399958.0,14:59:59.0,853.0
2014,11,24,CZCE,FG,FG507,35499,6.0,400.0,14:59:59.0,846.0
2014,11,24,CZCE,FG,FG508,43663,4.0,222.0,14:59:59.0,845.0
2014,11,24,CZCE,FG,FG509,346647,29888.0,130610.0,14:59:59.0,841.0
2014,11,24,CZCE,FG,FG510,50987,10.0,28.0,14:59:56.0,845.0
2014,11,24,CZCE,FG,FG511,28440,8.0,4.0,14:59:57.0,879.0
2014,11,25,CZCE,FG,FG412,4245,8.0,60.0,14:35:34.0,1085.0
2014,11,25,CZCE,FG,FG501,425749,68026.0,179056.0,14:59:59.0,1042.0
2014,11,25,CZCE,FG,FG502,4199,0.0,4.0,14:58:55.0,992.0
2014,11,25,CZCE,FG,FG503,9027,0.0,8.0,15:00:00.0,1027.0
2014,11,25,CZCE,FG,FG504,17467,0.0,8.0,15:00:00.0,1010.0
2014,11,25,CZCE,FG,FG505,203786,22032.0,100592.0,14:59:57.0,1000.0
2014,11,25,CZCE,FG,FG506,1132691,324352.0,374552.0,14:59:59.0,868.0
2014,11,25,CZCE,FG,FG507,27395,20.0,390.0,14:59:56.0,854.0
2014,11,25,CZCE,FG,FG508,32988,44.0,222.0,14:59:56.0,853.0
2014,11,25,CZCE,FG,FG509,330265,28990.0,131172.0,14:59:59.0,850.0
2014,11,25,CZCE,FG,FG510,22218,0.0,28.0,15:00:00.0,845.0
2014,11,25,CZCE,FG,FG511,12237,0.0,4.0,15:00:00.0,879.0
2014,11,26,CZCE,FG,FG412,1329,0.0,60.0,15:00:00.0,1085.0
2014,11,26,CZCE,FG,FG501,263736,24706.0,173016.0,14:59:59.0,1045.0
2014,11,26,CZCE,FG,FG502,4212,0.0,4.0,15:00:00.0,996.0
2014,11,26,CZCE,FG,FG503,8457,0.0,8.0,15:00:00.0,1027.0
2014,11,26,CZCE,FG,FG504,13607,0.0,8.0,15:00:00.0,1010.0
2014,11,26,CZCE,FG,FG505,198349,9616.0,98398.0,14:59:56.0,999.0
2014,11,26,CZCE,FG,FG506,920366,178912.0,371394.0,14:59:59.0,865.0
2014,11,26,CZCE,FG,FG507,19281,10.0,390.0,14:57:59.0,851.0
2014,11,26,CZCE,FG,FG508,20471,4.0,222.0,14:57:51.0,850.0
2014,11,26,CZCE,FG,FG509,221005,11716.0,130888.0,14:59:59.0,850.0
2014,11,26,CZCE,FG,FG510,9523,0.0,28.0,15:00:00.0,852.0
2014,11,26,CZCE,FG,FG511,11137,0.0,4.0,15:00:00.0,867.0
2014,11,27,CZCE,FG,FG412,3510,10.0,50.0,14:32:09.0,1110.0
2014,11,27,CZCE,FG,FG501,252352,25462.0,169518.0,14:59:59.0,1049.0
2014,11,27,CZCE,FG,FG502,6466,0.0,4.0,15:00:00.0,998.0
2014,11,27,CZCE,FG,FG503,16225,0.0,8.0,15:00:00.0,1027.0
2014,11,27,CZCE,FG,FG504,14885,0.0,8.0,15:00:00.0,1010.0
2014,11,27,CZCE,FG,FG505,160506,11846.0,98706.0,14:59:56.0,1005.0
2014,11,27,CZCE,FG,FG506,982957,301052.0,348172.0,14:59:59.0,879.0
2014,11,27,CZCE,FG,FG507,22750,18.0,392.0,14:59:53.0,866.0
2014,11,27,CZCE,FG,FG508,26139,4.0,222.0,14:59:21.0,855.0
2014,11,27,CZCE,FG,FG509,280761,21972.0,126684.0,14:59:58.0,861.0
2014,11,27,CZCE,FG,FG510,14083,0.0,28.0,15:00:00.0,852.0
2014,11,27,CZCE,FG,FG511,18333,0.0,4.0,15:00:00.0,867.0
2014,11,28,CZCE,FG,FG412,1808,36.0,14.0,14:46:57.0,1153.0
2014,11,28,CZCE,FG,FG501,315543,36018.0,156758.0,14:59:59.0,1052.0
2014,11,28,CZCE,FG,FG502,7125,0.0,4.0,15:00:00.0,998.0
2014,11,28,CZCE,FG,FG503,11164,0.0,8.0,15:00:00.0,1027.0
2014,11,28,CZCE,FG,FG504,19535,0.0,8.0,15:00:00.0,1010.0
2014,11,28,CZCE,FG,FG505,207892,12470.0,98930.0,14:59:57.0,1006.0
2014,11,28,CZCE,FG,FG506,1277611,388784.0,346478.0,14:59:59.0,880.0
2014,11,28,CZCE,FG,FG507,40285,24.0,390.0,14:59:53.0,862.0
2014,11,28,CZCE,FG,FG508,40726,20.0,222.0,14:59:57.0,866.0
2014,11,28,CZCE,FG,FG509,383233,32148.0,124224.0,14:59:59.0,861.0
2014,11,28,CZCE,FG,FG510,13820,16.0,32.0,14:57:51.0,859.0
2014,11,28,CZCE,FG,FG511,33236,0.0,4.0,15:00:00.0,867.0
2014,11,03,CZCE,JR,JR411,87,0,0,0,0
2014,11,03,CZCE,JR,JR501,1515,2.0,6.0,14:26:16.0,3220.0
2014,11,03,CZCE,JR,JR503,87,0,0,0,0
2014,11,03,CZCE,JR,JR505,87,0,0,0,0
2014,11,03,CZCE,JR,JR507,87,0,0,0,0
2014,11,03,CZCE,JR,JR509,87,0,0,0,0
2014,11,04,CZCE,JR,JR411,87,0,0,0,0
2014,11,04,CZCE,JR,JR501,1197,0.0,6.0,15:00:00.0,3220.0
2014,11,04,CZCE,JR,JR503,87,0,0,0,0
2014,11,04,CZCE,JR,JR505,87,0,0,0,0
2014,11,04,CZCE,JR,JR507,87,0,0,0,0
2014,11,04,CZCE,JR,JR509,87,0,0,0,0
2014,11,05,CZCE,JR,JR411,87,0,0,0,0
2014,11,05,CZCE,JR,JR501,876,0.0,6.0,15:00:00.0,3220.0
2014,11,05,CZCE,JR,JR503,87,0,0,0,0
2014,11,05,CZCE,JR,JR505,87,0,0,0,0
2014,11,05,CZCE,JR,JR507,87,0,0,0,0
2014,11,05,CZCE,JR,JR509,87,0,0,0,0
2014,11,06,CZCE,JR,JR411,87,0,0,0,0
2014,11,06,CZCE,JR,JR501,1194,0.0,6.0,15:00:00.0,3220.0
2014,11,06,CZCE,JR,JR503,87,0,0,0,0
2014,11,06,CZCE,JR,JR505,87,0,0,0,0
2014,11,06,CZCE,JR,JR507,87,0,0,0,0
2014,11,06,CZCE,JR,JR509,87,0,0,0,0
2014,11,07,CZCE,JR,JR411,87,0,0,0,0
2014,11,07,CZCE,JR,JR501,6271,102.0,6.0,14:59:35.0,3318.0
2014,11,07,CZCE,JR,JR503,87,0,0,0,0
2014,11,07,CZCE,JR,JR505,87,0,0,0,0
2014,11,07,CZCE,JR,JR507,87,0,0,0,0
2014,11,07,CZCE,JR,JR509,87,0,0,0,0
2014,11,10,CZCE,JR,JR411,87,0,0,0,0
2014,11,10,CZCE,JR,JR501,2472,2.0,4.0,14:59:44.0,3220.0
2014,11,10,CZCE,JR,JR503,87,0,0,0,0
2014,11,10,CZCE,JR,JR505,87,0,0,0,0
2014,11,10,CZCE,JR,JR507,87,0,0,0,0
2014,11,10,CZCE,JR,JR509,87,0,0,0,0
2014,11,11,CZCE,JR,JR411,87,0,0,0,0
2014,11,11,CZCE,JR,JR501,1306,0.0,4.0,15:00:00.0,3220.0
2014,11,11,CZCE,JR,JR503,87,0,0,0,0
2014,11,11,CZCE,JR,JR505,87,0,0,0,0
2014,11,11,CZCE,JR,JR507,87,0,0,0,0
2014,11,11,CZCE,JR,JR509,87,0,0,0,0
2014,11,12,CZCE,JR,JR411,87,0,0,0,0
2014,11,12,CZCE,JR,JR501,2825,2.0,4.0,14:59:55.0,3147.0
2014,11,12,CZCE,JR,JR503,87,0,0,0,0
2014,11,12,CZCE,JR,JR505,87,0,0,0,0
2014,11,12,CZCE,JR,JR507,87,0,0,0,0
2014,11,12,CZCE,JR,JR509,87,0,0,0,0
2014,11,13,CZCE,JR,JR411,87,0,0,0,0
2014,11,13,CZCE,JR,JR501,879,0.0,4.0,15:00:00.0,3147.0
2014,11,13,CZCE,JR,JR503,87,0,0,0,0
2014,11,13,CZCE,JR,JR505,87,0,0,0,0
2014,11,13,CZCE,JR,JR507,87,0,0,0,0
2014,11,13,CZCE,JR,JR509,87,0,0,0,0
2014,11,14,CZCE,JR,JR411,87,0,0,0,0
2014,11,14,CZCE,JR,JR501,405,0.0,4.0,15:00:00.0,3147.0
2014,11,14,CZCE,JR,JR503,87,0,0,0,0
2014,11,14,CZCE,JR,JR505,87,0,0,0,0
2014,11,14,CZCE,JR,JR507,87,0,0,0,0
2014,11,14,CZCE,JR,JR509,87,0,0,0,0
2014,11,17,CZCE,JR,JR501,1138,0.0,4.0,15:00:00.0,3147.0
2014,11,17,CZCE,JR,JR503,87,0,0,0,0
2014,11,17,CZCE,JR,JR505,87,0,0,0,0
2014,11,17,CZCE,JR,JR507,87,0,0,0,0
2014,11,17,CZCE,JR,JR509,87,0,0,0,0
2014,11,17,CZCE,JR,JR511,87,0,0,0,0
2014,11,18,CZCE,JR,JR501,720,0.0,4.0,15:00:00.0,3147.0
2014,11,18,CZCE,JR,JR503,87,0,0,0,0
2014,11,18,CZCE,JR,JR505,87,0,0,0,0
2014,11,18,CZCE,JR,JR507,87,0,0,0,0
2014,11,18,CZCE,JR,JR509,87,0,0,0,0
2014,11,18,CZCE,JR,JR511,87,0,0,0,0
2014,11,19,CZCE,JR,JR501,193,0.0,4.0,15:00:00.0,3147.0
2014,11,19,CZCE,JR,JR503,87,0,0,0,0
2014,11,19,CZCE,JR,JR505,87,0,0,0,0
2014,11,19,CZCE,JR,JR507,87,0,0,0,0
2014,11,19,CZCE,JR,JR509,87,0,0,0,0
2014,11,19,CZCE,JR,JR511,87,0,0,0,0
2014,11,20,CZCE,JR,JR501,246,0.0,4.0,15:00:00.0,3147.0
2014,11,20,CZCE,JR,JR503,87,0,0,0,0
2014,11,20,CZCE,JR,JR505,87,0,0,0,0
2014,11,20,CZCE,JR,JR507,87,0,0,0,0
2014,11,20,CZCE,JR,JR509,87,0,0,0,0
2014,11,20,CZCE,JR,JR511,87,0,0,0,0
2014,11,21,CZCE,JR,JR501,522,20.0,4.0,09:14:13.0,3200.0
2014,11,21,CZCE,JR,JR503,87,0,0,0,0
2014,11,21,CZCE,JR,JR505,87,0,0,0,0
2014,11,21,CZCE,JR,JR507,87,0,0,0,0
2014,11,21,CZCE,JR,JR509,87,0,0,0,0
2014,11,21,CZCE,JR,JR511,87,0,0,0,0
2014,11,24,CZCE,JR,JR501,193,0.0,4.0,15:00:00.0,3200.0
2014,11,24,CZCE,JR,JR503,87,0,0,0,0
2014,11,24,CZCE,JR,JR505,87,0,0,0,0
2014,11,24,CZCE,JR,JR507,87,0,0,0,0
2014,11,24,CZCE,JR,JR509,87,0,0,0,0
2014,11,24,CZCE,JR,JR511,87,0,0,0,0
2014,11,25,CZCE,JR,JR501,193,0.0,4.0,15:00:00.0,3179.0
2014,11,25,CZCE,JR,JR503,87,0,0,0,0
2014,11,25,CZCE,JR,JR505,87,0,0,0,0
2014,11,25,CZCE,JR,JR507,87,0,0,0,0
2014,11,25,CZCE,JR,JR509,87,0,0,0,0
2014,11,25,CZCE,JR,JR511,87,0,0,0,0
2014,11,26,CZCE,JR,JR501,405,0.0,4.0,15:00:00.0,3179.0
2014,11,26,CZCE,JR,JR503,87,0,0,0,0
2014,11,26,CZCE,JR,JR505,87,0,0,0,0
2014,11,26,CZCE,JR,JR507,87,0,0,0,0
2014,11,26,CZCE,JR,JR509,87,0,0,0,0
2014,11,26,CZCE,JR,JR511,87,0,0,0,0
2014,11,27,CZCE,JR,JR501,246,0.0,4.0,15:00:00.0,3179.0
2014,11,27,CZCE,JR,JR503,87,0,0,0,0
2014,11,27,CZCE,JR,JR505,187,0.0,2.0,15:00:00.0,3558.0
2014,11,27,CZCE,JR,JR507,87,0,0,0,0
2014,11,27,CZCE,JR,JR509,87,0,0,0,0
2014,11,27,CZCE,JR,JR511,87,0,0,0,0
2014,11,28,CZCE,JR,JR501,458,0.0,4.0,15:00:00.0,3179.0
2014,11,28,CZCE,JR,JR503,87,0,0,0,0
2014,11,28,CZCE,JR,JR505,187,0.0,2.0,13:30:13.0,3415.0
2014,11,28,CZCE,JR,JR507,87,0,0,0,0
2014,11,28,CZCE,JR,JR509,87,0,0,0,0
2014,11,28,CZCE,JR,JR511,87,0,0,0,0
2014,11,03,CZCE,ME,ME411,87,0,0,0,0
2014,11,03,CZCE,ME,ME412,1287,0.0,0.0,14:59:21.0,2569.0
2014,11,03,CZCE,ME,ME501,886722,131002.0,88398.0,14:59:59.0,2515.0
2014,11,03,CZCE,ME,ME502,90405,8.0,0.0,14:59:58.0,2574.0
2014,11,03,CZCE,ME,ME503,89445,0.0,4.0,15:00:00.0,2687.0
2014,11,03,CZCE,ME,ME504,82481,0.0,2.0,15:00:00.0,2696.0
2014,11,03,CZCE,ME,ME505,355767,18268.0,17476.0,14:59:59.0,2640.0
2014,11,04,CZCE,ME,ME411,87,0,0,0,0
2014,11,04,CZCE,ME,ME412,687,0.0,0.0,13:37:55.0,2569.0
2014,11,04,CZCE,ME,ME501,739946,87290.0,91280.0,14:59:59.0,2526.0
2014,11,04,CZCE,ME,ME502,70047,0.0,0.0,15:00:00.0,2574.0
2014,11,04,CZCE,ME,ME503,62447,0.0,4.0,15:00:00.0,2628.0
2014,11,04,CZCE,ME,ME504,56532,0.0,2.0,15:00:00.0,2635.0
2014,11,04,CZCE,ME,ME505,263449,10490.0,16364.0,14:59:59.0,2639.0
2014,11,05,CZCE,ME,ME411,87,0,0,0,0
2014,11,05,CZCE,ME,ME412,787,0.0,0.0,13:51:00.0,2569.0
2014,11,05,CZCE,ME,ME501,729818,72674.0,87438.0,14:59:59.0,2525.0
2014,11,05,CZCE,ME,ME502,53352,0.0,0.0,15:00:00.0,2566.0
2014,11,05,CZCE,ME,ME503,41954,0.0,4.0,15:00:00.0,2628.0
2014,11,05,CZCE,ME,ME504,48953,4.0,2.0,14:59:57.0,2619.0
2014,11,05,CZCE,ME,ME505,246565,9090.0,15960.0,14:59:59.0,2626.0
2014,11,06,CZCE,ME,ME411,87,0,0,0,0
2014,11,06,CZCE,ME,ME412,387,0.0,0.0,13:57:56.0,2569.0
2014,11,06,CZCE,ME,ME501,881410,132052.0,87306.0,14:59:59.0,2502.0
2014,11,06,CZCE,ME,ME502,77676,0.0,0.0,15:00:00.0,2565.0
2014,11,06,CZCE,ME,ME503,56411,2.0,4.0,14:59:55.0,2604.0
2014,11,06,CZCE,ME,ME504,89389,0.0,2.0,15:00:00.0,2619.0
2014,11,06,CZCE,ME,ME505,399686,19310.0,14556.0,14:59:59.0,2585.0
2014,11,07,CZCE,ME,ME411,87,0,0,0,0
2014,11,07,CZCE,ME,ME412,4253,120.0,0.0,14:59:51.0,2477.0
2014,11,07,CZCE,ME,ME501,796202,93234.0,90162.0,14:59:59.0,2485.0
2014,11,07,CZCE,ME,ME502,83721,0.0,0.0,15:00:00.0,2543.0
2014,11,07,CZCE,ME,ME503,50437,0.0,4.0,15:00:00.0,2604.0
2014,11,07,CZCE,ME,ME504,67450,0.0,2.0,15:00:00.0,2578.0
2014,11,07,CZCE,ME,ME505,334321,12138.0,14344.0,14:59:53.0,2567.0
2014,11,10,CZCE,ME,ME411,87,0,0,0,0
2014,11,10,CZCE,ME,ME412,515,0.0,0.0,15:00:00.0,2477.0
2014,11,10,CZCE,ME,ME501,764674,85858.0,91078.0,14:59:59.0,2506.0
2014,11,10,CZCE,ME,ME502,68298,4.0,0.0,14:59:58.0,2538.0
2014,11,10,CZCE,ME,ME503,47310,0.0,4.0,15:00:00.0,2588.0
2014,11,10,CZCE,ME,ME504,54995,2.0,0.0,14:59:47.0,2586.0
2014,11,10,CZCE,ME,ME505,270248,8172.0,13416.0,14:59:58.0,2597.0
2014,11,11,CZCE,ME,ME411,87,0,0,0,0
2014,11,11,CZCE,ME,ME412,237,0.0,0.0,13:30:08.0,2509.0
2014,11,11,CZCE,ME,ME501,704659,72484.0,87550.0,14:59:59.0,2509.0
2014,11,11,CZCE,ME,ME502,53882,0.0,0.0,15:00:00.0,2538.0
2014,11,11,CZCE,ME,ME503,37770,0.0,4.0,15:00:00.0,2588.0
2014,11,11,CZCE,ME,ME504,42487,0.0,0.0,15:00:00.0,2586.0
2014,11,11,CZCE,ME,ME505,251638,10248.0,13956.0,14:59:52.0,2600.0
2014,11,12,CZCE,ME,ME411,87,0,0,0,0
2014,11,12,CZCE,ME,ME412,390,0.0,0.0,13:30:08.0,2509.0
2014,11,12,CZCE,ME,ME501,759513,100760.0,85778.0,14:59:59.0,2562.0
2014,11,12,CZCE,ME,ME502,71849,4.0,0.0,14:59:55.0,2582.0
2014,11,12,CZCE,ME,ME503,61726,0.0,4.0,15:00:00.0,2588.0
2014,11,12,CZCE,ME,ME504,54995,0.0,0.0,15:00:00.0,2586.0
2014,11,12,CZCE,ME,ME505,289331,11568.0,13960.0,14:59:59.0,2644.0
2014,11,13,CZCE,ME,ME411,87,0,0,0,0
2014,11,13,CZCE,ME,ME412,287,0.0,0.0,13:30:09.0,2509.0
2014,11,13,CZCE,ME,ME501,544408,51812.0,85930.0,14:59:59.0,2548.0
2014,11,13,CZCE,ME,ME502,48317,0.0,0.0,15:00:00.0,2582.0
2014,11,13,CZCE,ME,ME503,30665,0.0,4.0,15:00:00.0,2588.0
2014,11,13,CZCE,ME,ME504,33000,0.0,0.0,15:00:00.0,2599.0
2014,11,13,CZCE,ME,ME505,166679,5746.0,13568.0,14:59:59.0,2633.0
2014,11,14,CZCE,ME,ME411,87,0,0,0,0
2014,11,14,CZCE,ME,ME412,237,0.0,0.0,13:30:08.0,2509.0
2014,11,14,CZCE,ME,ME501,522419,50374.0,86060.0,14:59:59.0,2548.0
2014,11,14,CZCE,ME,ME502,34110,0.0,0.0,15:00:00.0,2567.0
2014,11,14,CZCE,ME,ME503,34272,0.0,4.0,15:00:00.0,2588.0
2014,11,14,CZCE,ME,ME504,18743,0.0,0.0,15:00:00.0,2599.0
2014,11,14,CZCE,ME,ME505,153126,5504.0,13598.0,14:59:59.0,2623.0
2014,11,17,CZCE,ME,ME412,387,0.0,0.0,13:30:09.0,2509.0
2014,11,17,CZCE,ME,ME501,724422,102452.0,89916.0,14:59:59.0,2554.0
2014,11,17,CZCE,ME,ME502,87378,0.0,0.0,15:00:00.0,2567.0
2014,11,17,CZCE,ME,ME503,69642,0.0,4.0,15:00:00.0,2588.0
2014,11,17,CZCE,ME,ME504,47454,20.0,2.0,14:59:23.0,2598.0
2014,11,17,CZCE,ME,ME505,259092,10998.0,15464.0,14:59:59.0,2615.0
2014,11,18,CZCE,ME,ME412,237,0.0,0.0,13:30:10.0,2509.0
2014,11,18,CZCE,ME,ME501,640671,66220.0,92342.0,14:59:59.0,2560.0
2014,11,18,CZCE,ME,ME502,64323,0.0,0.0,15:00:00.0,2567.0
2014,11,18,CZCE,ME,ME503,32723,20.0,4.0,14:59:53.0,2617.0
2014,11,18,CZCE,ME,ME504,39569,2.0,2.0,14:59:53.0,2599.0
2014,11,18,CZCE,ME,ME505,281387,10040.0,15420.0,14:59:57.0,2616.0
2014,11,19,CZCE,ME,ME412,187,0.0,0.0,10:30:09.0,2509.0
2014,11,19,CZCE,ME,ME501,806824,94932.0,98726.0,14:59:59.0,2595.0
2014,11,19,CZCE,ME,ME502,99833,0.0,0.0,15:00:00.0,2567.0
2014,11,19,CZCE,ME,ME503,71425,2.0,4.0,14:59:59.0,2611.0
2014,11,19,CZCE,ME,ME504,72432,0.0,2.0,15:00:00.0,2599.0
2014,11,19,CZCE,ME,ME505,353006,14210.0,16626.0,14:59:59.0,2630.0
2014,11,20,CZCE,ME,ME412,87,0,0,0,0
2014,11,20,CZCE,ME,ME501,1021315,204858.0,97334.0,14:59:59.0,2688.0
2014,11,20,CZCE,ME,ME502,152951,2.0,2.0,14:59:58.0,2672.0
2014,11,20,CZCE,ME,ME503,150816,2.0,4.0,14:59:58.0,2674.0
2014,11,20,CZCE,ME,ME504,127973,0.0,2.0,15:00:00.0,2599.0
2014,11,20,CZCE,ME,ME505,555718,41876.0,22306.0,14:59:59.0,2635.0
2014,11,21,CZCE,ME,ME412,87,0,0,0,0
2014,11,21,CZCE,ME,ME501,1002878,164822.0,103560.0,14:59:59.0,2696.0
2014,11,21,CZCE,ME,ME502,93526,0.0,2.0,15:00:00.0,2672.0
2014,11,21,CZCE,ME,ME503,75930,0.0,4.0,15:00:00.0,2674.0
2014,11,21,CZCE,ME,ME504,94318,0.0,2.0,15:00:00.0,2599.0
2014,11,21,CZCE,ME,ME505,444371,25032.0,22640.0,14:59:59.0,2617.0
2014,11,24,CZCE,ME,ME412,87,0,0,0,0
2014,11,24,CZCE,ME,ME501,807081,98940.0,109326.0,14:59:59.0,2689.0
2014,11,24,CZCE,ME,ME502,94374,0.0,2.0,15:00:00.0,2630.0
2014,11,24,CZCE,ME,ME503,80750,0.0,4.0,15:00:00.0,2674.0
2014,11,24,CZCE,ME,ME504,83456,0.0,2.0,15:00:00.0,2599.0
2014,11,24,CZCE,ME,ME505,293734,10988.0,23076.0,14:59:59.0,2613.0
2014,11,25,CZCE,ME,ME412,87,0,0,0,0
2014,11,25,CZCE,ME,ME501,750116,86380.0,111146.0,14:59:59.0,2687.0
2014,11,25,CZCE,ME,ME502,85947,0.0,2.0,15:00:00.0,2630.0
2014,11,25,CZCE,ME,ME503,57165,0.0,4.0,15:00:00.0,2672.0
2014,11,25,CZCE,ME,ME504,60030,0.0,2.0,15:00:00.0,2599.0
2014,11,25,CZCE,ME,ME505,288222,10300.0,21144.0,14:59:55.0,2624.0
2014,11,26,CZCE,ME,ME412,87,0,0,0,0
2014,11,26,CZCE,ME,ME501,909996,137242.0,115064.0,14:59:59.0,2677.0
2014,11,26,CZCE,ME,ME502,103896,4.0,2.0,14:59:54.0,2624.0
2014,11,26,CZCE,ME,ME503,63078,250.0,4.0,14:59:54.0,2623.0
2014,11,26,CZCE,ME,ME504,111652,0.0,2.0,15:00:00.0,2601.0
2014,11,26,CZCE,ME,ME505,410846,20956.0,25030.0,14:59:59.0,2570.0
2014,11,27,CZCE,ME,ME412,87,0,0,0,0
2014,11,27,CZCE,ME,ME501,910093,127698.0,108606.0,14:59:59.0,2692.0
2014,11,27,CZCE,ME,ME502,43962,0.0,2.0,15:00:00.0,2624.0
2014,11,27,CZCE,ME,ME503,6362,0.0,4.0,15:00:00.0,2623.0
2014,11,27,CZCE,ME,ME504,66706,8.0,2.0,14:59:51.0,2553.0
2014,11,27,CZCE,ME,ME505,430088,29988.0,30272.0,14:59:59.0,2540.0
2014,11,28,CZCE,ME,ME412,287,0.0,0.0,09:17:57.0,2509.0
2014,11,28,CZCE,ME,ME501,817468,93954.0,112080.0,14:59:59.0,2689.0
2014,11,28,CZCE,ME,ME502,61678,6.0,6.0,14:59:57.0,2599.0
2014,11,28,CZCE,ME,ME503,887,0.0,4.0,15:00:00.0,2667.0
2014,11,28,CZCE,ME,ME504,56055,0.0,2.0,15:00:00.0,2553.0
2014,11,28,CZCE,ME,ME505,299226,16980.0,30496.0,14:59:57.0,2508.0
2014,11,03,CZCE,OI,OI411,237,0.0,4.0,15:00:00.0,5836.0
2014,11,03,CZCE,OI,OI501,653406,69768.0,119260.0,14:59:59.0,6116.0
2014,11,03,CZCE,OI,OI503,32325,2.0,18.0,14:59:21.0,6186.0
2014,11,03,CZCE,OI,OI505,431024,29454.0,64334.0,14:59:57.0,6218.0
2014,11,03,CZCE,OI,OI507,17577,0.0,0.0,15:00:00.0,6222.0
2014,11,03,CZCE,OI,OI509,132096,2572.0,9784.0,14:59:50.0,6324.0
2014,11,04,CZCE,OI,OI411,187,0.0,4.0,15:00:00.0,5836.0
2014,11,04,CZCE,OI,OI501,588163,64254.0,119050.0,14:59:59.0,6022.0
2014,11,04,CZCE,OI,OI503,72362,10.0,24.0,14:59:57.0,6104.0
2014,11,04,CZCE,OI,OI505,362849,19360.0,63828.0,14:59:58.0,6130.0
2014,11,04,CZCE,OI,OI507,20704,0.0,0.0,15:00:00.0,6222.0
2014,11,04,CZCE,OI,OI509,133712,2566.0,10020.0,14:59:57.0,6228.0
2014,11,05,CZCE,OI,OI411,187,0.0,4.0,15:00:00.0,5836.0
2014,11,05,CZCE,OI,OI501,605932,59278.0,110912.0,14:59:59.0,5884.0
2014,11,05,CZCE,OI,OI503,64234,10.0,16.0,14:59:59.0,6060.0
2014,11,05,CZCE,OI,OI505,434979,25986.0,59834.0,14:59:59.0,5994.0
2014,11,05,CZCE,OI,OI507,27912,0.0,0.0,15:00:00.0,6216.0
2014,11,05,CZCE,OI,OI509,155600,1624.0,10130.0,14:59:59.0,6106.0
2014,11,06,CZCE,OI,OI411,87,0,0,0,0
2014,11,06,CZCE,OI,OI501,528409,45938.0,106122.0,14:59:59.0,5972.0
2014,11,06,CZCE,OI,OI503,84923,0.0,16.0,15:00:00.0,6060.0
2014,11,06,CZCE,OI,OI505,351245,19012.0,61028.0,14:59:59.0,6046.0
2014,11,06,CZCE,OI,OI507,39572,0.0,0.0,15:00:00.0,6086.0
2014,11,06,CZCE,OI,OI509,120024,1614.0,10456.0,14:59:59.0,6154.0
2014,11,07,CZCE,OI,OI411,87,0,0,0,0
2014,11,07,CZCE,OI,OI501,800583,107868.0,96150.0,14:59:59.0,6024.0
2014,11,07,CZCE,OI,OI503,48684,6.0,16.0,14:59:56.0,6098.0
2014,11,07,CZCE,OI,OI505,567523,46632.0,70908.0,14:59:59.0,6102.0
2014,11,07,CZCE,OI,OI507,45031,0.0,0.0,15:00:00.0,6086.0
2014,11,07,CZCE,OI,OI509,202743,4148.0,12042.0,14:59:57.0,6192.0
2014,11,10,CZCE,OI,OI411,87,0,0,0,0
2014,11,10,CZCE,OI,OI501,619025,60372.0,93600.0,14:59:59.0,6094.0
2014,11,10,CZCE,OI,OI503,43408,16.0,18.0,14:59:56.0,6136.0
2014,11,10,CZCE,OI,OI505,535586,42124.0,77066.0,14:59:58.0,6178.0
2014,11,10,CZCE,OI,OI507,80965,0.0,0.0,15:00:00.0,6086.0
2014,11,10,CZCE,OI,OI509,177654,3860.0,11928.0,14:59:58.0,6256.0
2014,11,11,CZCE,OI,OI411,87,0,0,0,0
2014,11,11,CZCE,OI,OI501,466371,46954.0,89958.0,14:59:59.0,6066.0
2014,11,11,CZCE,OI,OI503,22818,8.0,14.0,14:59:58.0,6124.0
2014,11,11,CZCE,OI,OI505,456188,38950.0,82384.0,14:59:58.0,6122.0
2014,11,11,CZCE,OI,OI507,41639,0.0,0.0,15:00:00.0,6128.0
2014,11,11,CZCE,OI,OI509,109281,2878.0,12508.0,14:59:58.0,6202.0
2014,11,12,CZCE,OI,OI411,87,0,0,0,0
2014,11,12,CZCE,OI,OI501,507398,52554.0,90478.0,14:59:59.0,6182.0
2014,11,12,CZCE,OI,OI503,25326,12.0,12.0,14:59:56.0,6198.0
2014,11,12,CZCE,OI,OI505,486606,42282.0,87364.0,14:59:59.0,6218.0
2014,11,12,CZCE,OI,OI507,56582,0.0,0.0,15:00:00.0,6128.0
2014,11,12,CZCE,OI,OI509,130549,2930.0,13224.0,14:59:56.0,6270.0
2014,11,13,CZCE,OI,OI411,87,0,0,0,0
2014,11,13,CZCE,OI,OI501,462641,46224.0,88204.0,14:59:59.0,6120.0
2014,11,13,CZCE,OI,OI503,18933,0.0,12.0,15:00:00.0,6198.0
2014,11,13,CZCE,OI,OI505,504054,39106.0,93332.0,14:59:59.0,6166.0
2014,11,13,CZCE,OI,OI507,40367,0.0,0.0,15:00:00.0,6154.0
2014,11,13,CZCE,OI,OI509,143948,3838.0,14388.0,14:59:59.0,6192.0
2014,11,14,CZCE,OI,OI411,87,0,0,0,0
2014,11,14,CZCE,OI,OI501,567242,58592.0,89806.0,14:59:59.0,6142.0
2014,11,14,CZCE,OI,OI503,6514,0.0,12.0,15:00:00.0,6160.0
2014,11,14,CZCE,OI,OI505,598096,54452.0,101062.0,14:59:59.0,6148.0
2014,11,14,CZCE,OI,OI507,23248,0.0,0.0,15:00:00.0,6154.0
2014,11,14,CZCE,OI,OI509,188933,3712.0,15124.0,14:59:56.0,6172.0
2014,11,17,CZCE,OI,OI501,570917,55118.0,84424.0,14:59:59.0,6100.0
2014,11,17,CZCE,OI,OI503,9858,0.0,12.0,15:00:00.0,6160.0
2014,11,17,CZCE,OI,OI505,682208,81300.0,105566.0,14:59:59.0,6134.0
2014,11,17,CZCE,OI,OI507,50914,0.0,0.0,15:00:00.0,6154.0
2014,11,17,CZCE,OI,OI509,251326,7846.0,18952.0,14:59:59.0,6162.0
2014,11,17,CZCE,OI,OI511,4274,0.0,0.0,15:00:00.0,6170.0
2014,11,18,CZCE,OI,OI501,426889,39374.0,75610.0,14:59:59.0,6016.0
2014,11,18,CZCE,OI,OI503,19646,0.0,12.0,15:00:00.0,6160.0
2014,11,18,CZCE,OI,OI505,659867,74642.0,102564.0,14:59:59.0,6078.0
2014,11,18,CZCE,OI,OI507,45031,0.0,0.0,15:00:00.0,6154.0
2014,11,18,CZCE,OI,OI509,244334,12302.0,18980.0,14:59:59.0,6108.0
2014,11,18,CZCE,OI,OI511,6659,0.0,0.0,15:00:00.0,6170.0
2014,11,19,CZCE,OI,OI501,383363,22542.0,70862.0,14:59:59.0,6024.0
2014,11,19,CZCE,OI,OI503,43017,0.0,12.0,15:00:00.0,6100.0
2014,11,19,CZCE,OI,OI505,664393,68248.0,116288.0,14:59:59.0,6078.0
2014,11,19,CZCE,OI,OI507,29502,0.0,0.0,15:00:00.0,6154.0
2014,11,19,CZCE,OI,OI509,214213,6582.0,21332.0,14:59:59.0,6108.0
2014,11,19,CZCE,OI,OI511,4857,0.0,0.0,15:00:00.0,6170.0
2014,11,20,CZCE,OI,OI501,263167,16134.0,65688.0,14:59:58.0,6000.0
2014,11,20,CZCE,OI,OI503,8889,0.0,12.0,15:00:00.0,6100.0
2014,11,20,CZCE,OI,OI505,531913,49558.0,117036.0,14:59:59.0,6036.0
2014,11,20,CZCE,OI,OI507,31781,0.0,0.0,15:00:00.0,6146.0
2014,11,20,CZCE,OI,OI509,188208,5682.0,22290.0,14:59:55.0,6080.0
2014,11,20,CZCE,OI,OI511,4169,0.0,0.0,14:59:50.0,6170.0
2014,11,21,CZCE,OI,OI501,221968,9732.0,63882.0,14:59:57.0,6028.0
2014,11,21,CZCE,OI,OI503,15207,0.0,12.0,15:00:00.0,6070.0
2014,11,21,CZCE,OI,OI505,463158,39566.0,113906.0,14:59:59.0,6064.0
2014,11,21,CZCE,OI,OI507,55048,0.0,0.0,15:00:00.0,6114.0
2014,11,21,CZCE,OI,OI509,137848,1852.0,22520.0,14:59:53.0,6106.0
2014,11,21,CZCE,OI,OI511,14446,0.0,0.0,15:00:00.0,6136.0
2014,11,24,CZCE,OI,OI501,334670,15510.0,60508.0,14:59:59.0,6040.0
2014,11,24,CZCE,OI,OI503,23955,4.0,14.0,14:59:57.0,6142.0
2014,11,24,CZCE,OI,OI505,692181,77138.0,114910.0,14:59:59.0,6080.0
2014,11,24,CZCE,OI,OI507,88438,0.0,0.0,15:00:00.0,6114.0
2014,11,24,CZCE,OI,OI509,281926,3914.0,23038.0,14:59:58.0,6130.0
2014,11,24,CZCE,OI,OI511,5653,0.0,0.0,15:00:00.0,6144.0
2014,11,25,CZCE,OI,OI501,240685,12126.0,60914.0,14:59:59.0,6086.0
2014,11,25,CZCE,OI,OI503,18555,0.0,14.0,15:00:00.0,6142.0
2014,11,25,CZCE,OI,OI505,553385,48018.0,118934.0,14:59:59.0,6130.0
2014,11,25,CZCE,OI,OI507,57963,0.0,0.0,15:00:00.0,6114.0
2014,11,25,CZCE,OI,OI509,155509,1942.0,22940.0,14:59:59.0,6176.0
2014,11,25,CZCE,OI,OI511,5343,4.0,2.0,14:59:53.0,6012.0
2014,11,26,CZCE,OI,OI501,187024,8112.0,59474.0,14:59:59.0,6046.0
2014,11,26,CZCE,OI,OI503,27087,0.0,14.0,15:00:00.0,6108.0
2014,11,26,CZCE,OI,OI505,458124,35514.0,121050.0,14:59:59.0,6110.0
2014,11,26,CZCE,OI,OI507,65542,0.0,0.0,14:59:42.0,6114.0
2014,11,26,CZCE,OI,OI509,152781,1676.0,23266.0,14:59:59.0,6164.0
2014,11,26,CZCE,OI,OI511,5442,0.0,2.0,15:00:00.0,6012.0
2014,11,27,CZCE,OI,OI501,194032,14746.0,52424.0,14:59:59.0,6072.0
2014,11,27,CZCE,OI,OI503,32703,0.0,14.0,15:00:00.0,6108.0
2014,11,27,CZCE,OI,OI505,554827,53606.0,122952.0,14:59:59.0,6126.0
2014,11,27,CZCE,OI,OI507,36604,0.0,0.0,15:00:00.0,6116.0
2014,11,27,CZCE,OI,OI509,170352,5946.0,22146.0,14:59:59.0,6184.0
2014,11,27,CZCE,OI,OI511,7040,0.0,2.0,15:00:00.0,6206.0
2014,11,28,CZCE,OI,OI501,236152,18408.0,44372.0,14:59:55.0,6000.0
2014,11,28,CZCE,OI,OI503,44638,2.0,12.0,14:59:48.0,6048.0
2014,11,28,CZCE,OI,OI505,594077,62270.0,123782.0,14:59:58.0,6050.0
2014,11,28,CZCE,OI,OI507,43335,0.0,0.0,15:00:00.0,6116.0
2014,11,28,CZCE,OI,OI509,227746,6324.0,19504.0,14:59:48.0,6114.0
2014,11,28,CZCE,OI,OI511,9792,0.0,2.0,15:00:00.0,6206.0
2014,11,03,CZCE,PM,PM411,87,0,0,0,0
2014,11,03,CZCE,PM,PM501,31863,4.0,22.0,14:59:22.0,2640.0
2014,11,03,CZCE,PM,PM503,87,0,0,0,0
2014,11,03,CZCE,PM,PM505,3635,0.0,2.0,15:00:00.0,2550.0
2014,11,03,CZCE,PM,PM507,1487,0.0,0.0,15:00:00.0,2451.0
2014,11,03,CZCE,PM,PM509,3846,0.0,0.0,15:00:00.0,2561.0
2014,11,04,CZCE,PM,PM411,87,0,0,0,0
2014,11,04,CZCE,PM,PM501,14385,0.0,22.0,15:00:00.0,2640.0
2014,11,04,CZCE,PM,PM503,87,0,0,0,0
2014,11,04,CZCE,PM,PM505,3417,0.0,2.0,15:00:00.0,2550.0
2014,11,04,CZCE,PM,PM507,7437,0.0,0.0,15:00:00.0,2442.0
2014,11,04,CZCE,PM,PM509,3525,0.0,0.0,15:00:00.0,2561.0
2014,11,05,CZCE,PM,PM411,87,0,0,0,0
2014,11,05,CZCE,PM,PM501,9591,0.0,22.0,15:00:00.0,2625.0
2014,11,05,CZCE,PM,PM503,87,0,0,0,0
2014,11,05,CZCE,PM,PM505,3367,0.0,2.0,15:00:00.0,2550.0
2014,11,05,CZCE,PM,PM507,5287,0.0,0.0,15:00:00.0,2442.0
2014,11,05,CZCE,PM,PM509,7709,0.0,0.0,15:00:00.0,2561.0
2014,11,06,CZCE,PM,PM411,87,0,0,0,0
2014,11,06,CZCE,PM,PM501,39574,0.0,22.0,15:00:00.0,2625.0
2014,11,06,CZCE,PM,PM503,87,0,0,0,0
2014,11,06,CZCE,PM,PM505,6441,0.0,2.0,15:00:00.0,2550.0
2014,11,06,CZCE,PM,PM507,987,0.0,0.0,15:00:00.0,2442.0
2014,11,06,CZCE,PM,PM509,5118,0.0,0.0,15:00:00.0,2561.0
2014,11,07,CZCE,PM,PM411,87,0,0,0,0
2014,11,07,CZCE,PM,PM501,40422,8.0,22.0,14:59:23.0,2621.0
2014,11,07,CZCE,PM,PM503,87,0,0,0,0
2014,11,07,CZCE,PM,PM505,1771,0.0,2.0,15:00:00.0,2550.0
2014,11,07,CZCE,PM,PM507,2187,0.0,0.0,15:00:00.0,2442.0
2014,11,07,CZCE,PM,PM509,18500,0.0,0.0,15:00:00.0,2561.0
2014,11,10,CZCE,PM,PM411,87,0,0,0,0
2014,11,10,CZCE,PM,PM501,50157,8.0,28.0,14:59:53.0,2642.0
2014,11,10,CZCE,PM,PM503,87,0,0,0,0
2014,11,10,CZCE,PM,PM505,2201,0.0,2.0,15:00:00.0,2550.0
2014,11,10,CZCE,PM,PM507,637,0.0,0.0,15:00:00.0,2451.0
2014,11,10,CZCE,PM,PM509,4638,0.0,0.0,15:00:00.0,2561.0
2014,11,11,CZCE,PM,PM411,87,0,0,0,0
2014,11,11,CZCE,PM,PM501,34485,0.0,28.0,15:00:00.0,2642.0
2014,11,11,CZCE,PM,PM503,87,0,0,0,0
2014,11,11,CZCE,PM,PM505,1824,0.0,2.0,15:00:00.0,2550.0
2014,11,11,CZCE,PM,PM507,1237,0.0,0.0,15:00:00.0,2452.0
2014,11,11,CZCE,PM,PM509,4049,0.0,0.0,15:00:00.0,2561.0
2014,11,12,CZCE,PM,PM411,87,0,0,0,0
2014,11,12,CZCE,PM,PM501,43782,4.0,28.0,14:59:56.0,2662.0
2014,11,12,CZCE,PM,PM503,87,0,0,0,0
2014,11,12,CZCE,PM,PM505,1721,0.0,2.0,15:00:00.0,2550.0
2014,11,12,CZCE,PM,PM507,1087,0.0,0.0,15:00:00.0,2452.0
2014,11,12,CZCE,PM,PM509,14007,0.0,0.0,15:00:00.0,2561.0
2014,11,13,CZCE,PM,PM411,87,0,0,0,0
2014,11,13,CZCE,PM,PM501,47334,0.0,28.0,15:00:00.0,2662.0
2014,11,13,CZCE,PM,PM503,87,0,0,0,0
2014,11,13,CZCE,PM,PM505,1612,0.0,2.0,15:00:00.0,2550.0
2014,11,13,CZCE,PM,PM507,1237,0.0,0.0,15:00:00.0,2459.0
2014,11,13,CZCE,PM,PM509,12832,0.0,0.0,15:00:00.0,2561.0
2014,11,14,CZCE,PM,PM411,87,0,0,0,0
2014,11,14,CZCE,PM,PM501,44844,6.0,32.0,14:59:22.0,2655.0
2014,11,14,CZCE,PM,PM503,87,0,0,0,0
2014,11,14,CZCE,PM,PM505,5010,8.0,2.0,14:59:21.0,2600.0
2014,11,14,CZCE,PM,PM507,1087,0.0,0.0,15:00:00.0,2459.0
2014,11,14,CZCE,PM,PM509,11678,0.0,0.0,15:00:00.0,2561.0
2014,11,17,CZCE,PM,PM501,10725,2.0,32.0,14:59:55.0,2653.0
2014,11,17,CZCE,PM,PM503,1550,8.0,0.0,14:52:20.0,2470.0
2014,11,17,CZCE,PM,PM505,13486,0.0,2.0,15:00:00.0,2600.0
2014,11,17,CZCE,PM,PM507,4987,0.0,0.0,15:00:00.0,2435.0
2014,11,17,CZCE,PM,PM509,5059,0.0,0.0,15:00:00.0,2561.0
2014,11,17,CZCE,PM,PM511,87,0,0,0,0
2014,11,18,CZCE,PM,PM501,8025,8.0,32.0,14:59:22.0,2641.0
2014,11,18,CZCE,PM,PM503,87,0,0,0,0
2014,11,18,CZCE,PM,PM505,17143,0.0,2.0,15:00:00.0,2515.0
2014,11,18,CZCE,PM,PM507,9837,0.0,0.0,15:00:00.0,2425.0
2014,11,18,CZCE,PM,PM509,1079,0.0,0.0,15:00:00.0,2561.0
2014,11,18,CZCE,PM,PM511,9568,0.0,0.0,15:00:00.0,2551.0
2014,11,19,CZCE,PM,PM501,4833,4.0,32.0,14:59:22.0,2641.0
2014,11,19,CZCE,PM,PM503,87,0,0,0,0
2014,11,19,CZCE,PM,PM505,19952,0.0,2.0,15:00:00.0,2505.0
2014,11,19,CZCE,PM,PM507,12287,0.0,0.0,15:00:00.0,2415.0
2014,11,19,CZCE,PM,PM509,1023,0.0,0.0,15:00:00.0,2561.0
2014,11,19,CZCE,PM,PM511,44529,0.0,0.0,15:00:00.0,2551.0
2014,11,20,CZCE,PM,PM501,5427,2.0,34.0,14:59:22.0,2614.0
2014,11,20,CZCE,PM,PM503,87,0,0,0,0
2014,11,20,CZCE,PM,PM505,6317,0.0,2.0,15:00:00.0,2505.0
2014,11,20,CZCE,PM,PM507,1893,0.0,0.0,15:00:00.0,2415.0
2014,11,20,CZCE,PM,PM509,5969,0.0,0.0,15:00:00.0,2561.0
2014,11,20,CZCE,PM,PM511,36164,0.0,0.0,15:00:00.0,2551.0
2014,11,21,CZCE,PM,PM501,3057,0.0,34.0,15:00:00.0,2614.0
2014,11,21,CZCE,PM,PM503,87,0,0,0,0
2014,11,21,CZCE,PM,PM505,1135,0.0,2.0,15:00:00.0,2505.0
2014,11,21,CZCE,PM,PM507,2587,0.0,0.0,15:00:00.0,2389.0
2014,11,21,CZCE,PM,PM509,4644,0.0,0.0,15:00:00.0,2561.0
2014,11,21,CZCE,PM,PM511,27054,0.0,0.0,15:00:00.0,2551.0
2014,11,24,CZCE,PM,PM501,11490,14.0,38.0,14:59:22.0,2627.0
2014,11,24,CZCE,PM,PM503,87,0,0,0,0
2014,11,24,CZCE,PM,PM505,4144,0.0,2.0,15:00:00.0,2505.0
2014,11,24,CZCE,PM,PM507,1237,0.0,0.0,15:00:00.0,2389.0
2014,11,24,CZCE,PM,PM509,3702,0.0,0.0,15:00:00.0,2561.0
2014,11,24,CZCE,PM,PM511,44317,0.0,0.0,15:00:00.0,2551.0
2014,11,25,CZCE,PM,PM501,2517,4.0,38.0,14:59:23.0,2649.0
2014,11,25,CZCE,PM,PM503,87,0,0,0,0
2014,11,25,CZCE,PM,PM505,3558,0.0,2.0,15:00:00.0,2493.0
2014,11,25,CZCE,PM,PM507,3937,0.0,0.0,15:00:00.0,2377.0
2014,11,25,CZCE,PM,PM509,4379,0.0,0.0,15:00:00.0,2561.0
2014,11,25,CZCE,PM,PM511,44258,0.0,0.0,15:00:00.0,2538.0
2014,11,26,CZCE,PM,PM501,2259,40.0,38.0,14:59:22.0,2647.0
2014,11,26,CZCE,PM,PM503,87,0,0,0,0
2014,11,26,CZCE,PM,PM505,2569,0.0,2.0,15:00:00.0,2539.0
2014,11,26,CZCE,PM,PM507,1137,0.0,0.0,15:00:00.0,2421.0
2014,11,26,CZCE,PM,PM509,4594,0.0,0.0,15:00:00.0,2561.0
2014,11,26,CZCE,PM,PM511,45315,0.0,0.0,15:00:00.0,2585.0
2014,11,27,CZCE,PM,PM501,3983,36.0,38.0,14:59:22.0,2650.0
2014,11,27,CZCE,PM,PM503,340,0.0,0.0,13:30:01.0,2514.0
2014,11,27,CZCE,PM,PM505,4533,0.0,2.0,15:00:00.0,2539.0
2014,11,27,CZCE,PM,PM507,1137,0.0,0.0,15:00:00.0,2418.0
2014,11,27,CZCE,PM,PM509,3802,0.0,0.0,15:00:00.0,2561.0
2014,11,27,CZCE,PM,PM511,14078,0.0,0.0,15:00:00.0,2585.0
2014,11,28,CZCE,PM,PM501,3645,2.0,38.0,14:59:21.0,2659.0
2014,11,28,CZCE,PM,PM503,290,0.0,0.0,13:30:00.0,2527.0
2014,11,28,CZCE,PM,PM505,5113,0.0,2.0,15:00:00.0,2539.0
2014,11,28,CZCE,PM,PM507,1537,0.0,0.0,15:00:00.0,2431.0
2014,11,28,CZCE,PM,PM509,5811,0.0,0.0,15:00:00.0,2561.0
2014,11,28,CZCE,PM,PM511,37489,0.0,0.0,15:00:00.0,2585.0
2014,11,03,CZCE,RI,RI411,87,0,0,0,0
2014,11,03,CZCE,RI,RI501,10968,200.0,2598.0,14:59:54.0,2300.0
2014,11,03,CZCE,RI,RI503,3797,0.0,2.0,15:00:00.0,2327.0
2014,11,03,CZCE,RI,RI505,5013,46.0,572.0,14:58:45.0,2308.0
2014,11,03,CZCE,RI,RI507,2313,0.0,4.0,15:00:00.0,2325.0
2014,11,03,CZCE,RI,RI509,3582,4.0,2.0,14:58:45.0,2376.0
2014,11,04,CZCE,RI,RI411,87,0,0,0,0
2014,11,04,CZCE,RI,RI501,15203,280.0,2594.0,14:59:58.0,2301.0
2014,11,04,CZCE,RI,RI503,6288,0.0,2.0,15:00:00.0,2327.0
2014,11,04,CZCE,RI,RI505,8884,6.0,574.0,14:59:48.0,2307.0
2014,11,04,CZCE,RI,RI507,1459,0.0,4.0,15:00:00.0,2325.0
2014,11,04,CZCE,RI,RI509,3529,0.0,2.0,15:00:00.0,2376.0
2014,11,05,CZCE,RI,RI411,87,0,0,0,0
2014,11,05,CZCE,RI,RI501,35799,792.0,2448.0,14:59:55.0,2265.0
2014,11,05,CZCE,RI,RI503,17938,0.0,2.0,15:00:00.0,2327.0
2014,11,05,CZCE,RI,RI505,18270,24.0,564.0,14:58:39.0,2295.0
2014,11,05,CZCE,RI,RI507,5964,0.0,4.0,15:00:00.0,2325.0
2014,11,05,CZCE,RI,RI509,8234,0.0,2.0,15:00:00.0,2346.0
2014,11,06,CZCE,RI,RI411,87,0,0,0,0
2014,11,06,CZCE,RI,RI501,15883,206.0,2444.0,14:59:55.0,2267.0
2014,11,06,CZCE,RI,RI503,1862,0.0,2.0,15:00:00.0,2327.0
2014,11,06,CZCE,RI,RI505,4377,0.0,564.0,15:00:00.0,2295.0
2014,11,06,CZCE,RI,RI507,746,0.0,4.0,15:00:00.0,2325.0
2014,11,06,CZCE,RI,RI509,2672,0.0,2.0,15:00:00.0,2333.0
2014,11,07,CZCE,RI,RI411,87,0,0,0,0
2014,11,07,CZCE,RI,RI501,28982,708.0,2254.0,14:59:53.0,2279.0
2014,11,07,CZCE,RI,RI503,7710,0.0,2.0,15:00:00.0,2318.0
2014,11,07,CZCE,RI,RI505,10483,8.0,572.0,14:59:47.0,2287.0
2014,11,07,CZCE,RI,RI507,873,0.0,4.0,15:00:00.0,2316.0
2014,11,07,CZCE,RI,RI509,5066,0.0,2.0,15:00:00.0,2324.0
2014,11,10,CZCE,RI,RI411,87,0,0,0,0
2014,11,10,CZCE,RI,RI501,24950,392.0,2362.0,14:59:54.0,2271.0
2014,11,10,CZCE,RI,RI503,9044,0.0,2.0,15:00:00.0,2318.0
2014,11,10,CZCE,RI,RI505,7584,22.0,588.0,14:59:37.0,2282.0
2014,11,10,CZCE,RI,RI507,2248,0.0,4.0,15:00:00.0,2316.0
2014,11,10,CZCE,RI,RI509,761,0.0,2.0,15:00:00.0,2324.0
2014,11,11,CZCE,RI,RI411,87,0,0,0,0
2014,11,11,CZCE,RI,RI501,56331,1210.0,2556.0,14:59:58.0,2236.0
2014,11,11,CZCE,RI,RI503,5390,0.0,2.0,15:00:00.0,2318.0
2014,11,11,CZCE,RI,RI505,9348,24.0,590.0,14:59:56.0,2269.0
2014,11,11,CZCE,RI,RI507,3526,0.0,4.0,15:00:00.0,2316.0
2014,11,11,CZCE,RI,RI509,8246,0.0,2.0,15:00:00.0,2324.0
2014,11,12,CZCE,RI,RI411,87,0,0,0,0
2014,11,12,CZCE,RI,RI501,32513,590.0,2626.0,14:59:59.0,2244.0
2014,11,12,CZCE,RI,RI503,655,0.0,2.0,15:00:00.0,2294.0
2014,11,12,CZCE,RI,RI505,8301,32.0,608.0,14:48:16.0,2265.0
2014,11,12,CZCE,RI,RI507,346,0.0,4.0,13:30:07.0,2302.0
2014,11,12,CZCE,RI,RI509,4165,0.0,2.0,15:00:00.0,2324.0
2014,11,13,CZCE,RI,RI411,87,0,0,0,0
2014,11,13,CZCE,RI,RI501,15610,232.0,2558.0,14:59:56.0,2245.0
2014,11,13,CZCE,RI,RI503,1971,0.0,2.0,15:00:00.0,2289.0
2014,11,13,CZCE,RI,RI505,7842,0.0,608.0,15:00:00.0,2265.0
2014,11,13,CZCE,RI,RI507,3290,0.0,4.0,15:00:00.0,2308.0
2014,11,13,CZCE,RI,RI509,3364,0.0,2.0,15:00:00.0,2324.0
2014,11,14,CZCE,RI,RI411,87,0,0,0,0
2014,11,14,CZCE,RI,RI501,21472,440.0,2616.0,14:59:53.0,2227.0
2014,11,14,CZCE,RI,RI503,5705,0.0,2.0,15:00:00.0,2291.0
2014,11,14,CZCE,RI,RI505,8538,18.0,600.0,14:59:40.0,2261.0
2014,11,14,CZCE,RI,RI507,1346,0.0,4.0,15:00:00.0,2310.0
2014,11,14,CZCE,RI,RI509,5113,0.0,2.0,15:00:00.0,2326.0
2014,11,17,CZCE,RI,RI501,29958,494.0,2588.0,14:59:55.0,2218.0
2014,11,17,CZCE,RI,RI503,340,0.0,2.0,13:30:08.0,2291.0
2014,11,17,CZCE,RI,RI505,16919,28.0,604.0,14:59:26.0,2265.0
2014,11,17,CZCE,RI,RI507,287,0.0,4.0,13:30:07.0,2304.0
2014,11,17,CZCE,RI,RI509,4589,0.0,2.0,15:00:00.0,2320.0
2014,11,17,CZCE,RI,RI511,6076,0.0,0.0,15:00:00.0,2320.0
2014,11,18,CZCE,RI,RI501,24616,260.0,2506.0,14:59:55.0,2215.0
2014,11,18,CZCE,RI,RI503,2819,0.0,2.0,15:00:00.0,2277.0
2014,11,18,CZCE,RI,RI505,13182,6.0,604.0,14:57:49.0,2256.0
2014,11,18,CZCE,RI,RI507,540,0.0,4.0,15:00:00.0,2308.0
2014,11,18,CZCE,RI,RI509,3311,0.0,2.0,15:00:00.0,2320.0
2014,11,18,CZCE,RI,RI511,2207,0.0,0.0,15:00:00.0,2320.0
2014,11,19,CZCE,RI,RI501,13423,190.0,2492.0,14:59:57.0,2214.0
2014,11,19,CZCE,RI,RI503,2999,0.0,2.0,15:00:00.0,2277.0
2014,11,19,CZCE,RI,RI505,3992,2.0,604.0,14:59:33.0,2263.0
2014,11,19,CZCE,RI,RI507,540,0.0,4.0,15:00:00.0,2298.0
2014,11,19,CZCE,RI,RI509,2575,0.0,2.0,15:00:00.0,2310.0
2014,11,19,CZCE,RI,RI511,4327,0.0,0.0,15:00:00.0,2320.0
2014,11,20,CZCE,RI,RI501,17423,274.0,2412.0,14:59:54.0,2220.0
2014,11,20,CZCE,RI,RI503,3585,0.0,2.0,15:00:00.0,2277.0
2014,11,20,CZCE,RI,RI505,5259,0.0,604.0,15:00:00.0,2263.0
2014,11,20,CZCE,RI,RI507,1568,0.0,4.0,15:00:00.0,2300.0
2014,11,20,CZCE,RI,RI509,3158,0.0,2.0,15:00:00.0,2310.0
2014,11,20,CZCE,RI,RI511,2419,0.0,0.0,15:00:00.0,2320.0
2014,11,21,CZCE,RI,RI501,28777,472.0,2258.0,14:59:55.0,2249.0
2014,11,21,CZCE,RI,RI503,7474,0.0,2.0,15:00:00.0,2277.0
2014,11,21,CZCE,RI,RI505,10481,18.0,602.0,14:48:24.0,2275.0
2014,11,21,CZCE,RI,RI507,2548,0.0,4.0,15:00:00.0,2290.0
2014,11,21,CZCE,RI,RI509,4474,0.0,2.0,15:00:00.0,2310.0
2014,11,21,CZCE,RI,RI511,9098,6.0,2.0,14:59:00.0,2227.0
2014,11,24,CZCE,RI,RI501,12169,168.0,2186.0,14:59:55.0,2238.0
2014,11,24,CZCE,RI,RI503,4274,0.0,2.0,15:00:00.0,2277.0
2014,11,24,CZCE,RI,RI505,4710,8.0,596.0,14:56:33.0,2261.0
2014,11,24,CZCE,RI,RI507,2737,0.0,4.0,15:00:00.0,2290.0
2014,11,24,CZCE,RI,RI509,2198,0.0,2.0,15:00:00.0,2310.0
2014,11,24,CZCE,RI,RI511,3010,10.0,2.0,14:57:32.0,2302.0
2014,11,25,CZCE,RI,RI501,17516,306.0,2150.0,14:59:55.0,2254.0
2014,11,25,CZCE,RI,RI503,5493,0.0,2.0,15:00:00.0,2277.0
2014,11,25,CZCE,RI,RI505,5787,16.0,604.0,14:59:16.0,2260.0
2014,11,25,CZCE,RI,RI507,4206,0.0,4.0,15:00:00.0,2275.0
2014,11,25,CZCE,RI,RI509,655,0.0,2.0,15:00:00.0,2298.0
2014,11,25,CZCE,RI,RI511,5970,0.0,2.0,15:00:00.0,2302.0
2014,11,26,CZCE,RI,RI501,8784,132.0,2130.0,14:59:55.0,2243.0
2014,11,26,CZCE,RI,RI503,3414,0.0,2.0,15:00:00.0,2277.0
2014,11,26,CZCE,RI,RI505,9818,90.0,634.0,14:51:18.0,2254.0
2014,11,26,CZCE,RI,RI507,655,0.0,4.0,15:00:00.0,2283.0
2014,11,26,CZCE,RI,RI509,1409,0.0,2.0,15:00:00.0,2306.0
2014,11,26,CZCE,RI,RI511,1783,0.0,2.0,15:00:00.0,2328.0
2014,11,27,CZCE,RI,RI501,17459,276.0,2060.0,14:59:56.0,2231.0
2014,11,27,CZCE,RI,RI503,6182,0.0,2.0,15:00:00.0,2277.0
2014,11,27,CZCE,RI,RI505,9159,84.0,630.0,14:59:45.0,2255.0
2014,11,27,CZCE,RI,RI507,5228,0.0,4.0,15:00:00.0,2254.0
2014,11,27,CZCE,RI,RI509,3361,0.0,2.0,15:00:00.0,2306.0
2014,11,27,CZCE,RI,RI511,4751,0.0,2.0,15:00:00.0,2328.0
2014,11,28,CZCE,RI,RI501,10695,136.0,2030.0,14:59:54.0,2237.0
2014,11,28,CZCE,RI,RI503,2048,0.0,2.0,15:00:00.0,2277.0
2014,11,28,CZCE,RI,RI505,1242,2.0,630.0,14:55:27.0,2259.0
2014,11,28,CZCE,RI,RI507,3055,0.0,4.0,15:00:00.0,2254.0
2014,11,28,CZCE,RI,RI509,1877,0.0,2.0,15:00:00.0,2323.0
2014,11,28,CZCE,RI,RI511,617,0.0,2.0,15:00:00.0,2328.0
2014,11,03,CZCE,RM,RM411,22486,300.0,7762.0,14:59:50.0,2377.0
2014,11,03,CZCE,RM,RM501,1696054,1662928.0,640170.0,14:59:59.0,2328.0
2014,11,03,CZCE,RM,RM503,214928,4242.0,62422.0,14:59:59.0,2288.0
2014,11,03,CZCE,RM,RM505,1503354,774384.0,618306.0,14:59:59.0,2342.0
2014,11,03,CZCE,RM,RM507,100515,172.0,1130.0,14:59:59.0,2332.0
2014,11,03,CZCE,RM,RM508,136291,80.0,368.0,14:59:59.0,2335.0
2014,11,03,CZCE,RM,RM509,887385,100640.0,100322.0,14:59:59.0,2292.0
2014,11,04,CZCE,RM,RM411,2398,16.0,7746.0,14:33:07.0,2350.0
2014,11,04,CZCE,RM,RM501,1682495,1740074.0,631256.0,14:59:59.0,2256.0
2014,11,04,CZCE,RM,RM503,369486,8184.0,60288.0,14:59:57.0,2223.0
2014,11,04,CZCE,RM,RM505,1499395,806810.0,593216.0,14:59:59.0,2273.0
2014,11,04,CZCE,RM,RM507,124616,240.0,1236.0,14:58:30.0,2265.0
2014,11,04,CZCE,RM,RM508,150152,164.0,398.0,14:59:33.0,2266.0
2014,11,04,CZCE,RM,RM509,970134,117340.0,100236.0,14:59:59.0,2227.0
2014,11,05,CZCE,RM,RM411,2127,812.0,7614.0,14:27:14.0,2330.0
2014,11,05,CZCE,RM,RM501,1654666,1456432.0,591824.0,14:59:59.0,2215.0
2014,11,05,CZCE,RM,RM503,416479,9260.0,59398.0,14:59:59.0,2177.0
2014,11,05,CZCE,RM,RM505,1498026,847376.0,542180.0,14:59:59.0,2228.0
2014,11,05,CZCE,RM,RM507,237189,318.0,1298.0,14:59:59.0,2224.0
2014,11,05,CZCE,RM,RM508,191707,50.0,384.0,14:59:59.0,2224.0
2014,11,05,CZCE,RM,RM509,1052330,130340.0,99712.0,14:59:59.0,2186.0
2014,11,06,CZCE,RM,RM411,195,0.0,7614.0,15:00:00.0,2330.0
2014,11,06,CZCE,RM,RM501,1679494,1487620.0,637200.0,14:59:59.0,2262.0
2014,11,06,CZCE,RM,RM503,264874,5288.0,59060.0,14:59:59.0,2220.0
2014,11,06,CZCE,RM,RM505,1471434,732646.0,580662.0,14:59:59.0,2267.0
2014,11,06,CZCE,RM,RM507,131242,442.0,1230.0,14:59:57.0,2260.0
2014,11,06,CZCE,RM,RM508,167650,56.0,388.0,14:59:59.0,2263.0
2014,11,06,CZCE,RM,RM509,890369,90852.0,99294.0,14:59:59.0,2220.0
2014,11,07,CZCE,RM,RM411,195,0.0,7614.0,15:00:00.0,2353.0
2014,11,07,CZCE,RM,RM501,1738300,2215236.0,585682.0,14:59:59.0,2295.0
2014,11,07,CZCE,RM,RM503,363522,7130.0,58216.0,14:59:59.0,2253.0
2014,11,07,CZCE,RM,RM505,1642947,1133622.0,584610.0,14:59:59.0,2310.0
2014,11,07,CZCE,RM,RM507,209735,218.0,1134.0,14:59:59.0,2302.0
2014,11,07,CZCE,RM,RM508,211372,78.0,364.0,14:59:59.0,2305.0
2014,11,07,CZCE,RM,RM509,1061801,131558.0,99600.0,14:59:59.0,2268.0
2014,11,10,CZCE,RM,RM411,255,0.0,7614.0,15:00:00.0,2353.0
2014,11,10,CZCE,RM,RM501,1641626,1514242.0,581936.0,14:59:59.0,2314.0
2014,11,10,CZCE,RM,RM503,309915,13428.0,59392.0,14:59:59.0,2266.0
2014,11,10,CZCE,RM,RM505,1541493,1014406.0,572274.0,14:59:59.0,2329.0
2014,11,10,CZCE,RM,RM507,133764,316.0,1132.0,14:59:59.0,2314.0
2014,11,10,CZCE,RM,RM508,191071,42.0,356.0,14:59:59.0,2306.0
2014,11,10,CZCE,RM,RM509,884867,106118.0,104656.0,14:59:59.0,2279.0
2014,11,11,CZCE,RM,RM411,255,0.0,7614.0,15:00:00.0,2330.0
2014,11,11,CZCE,RM,RM501,1641268,1233976.0,573246.0,14:59:59.0,2255.0
2014,11,11,CZCE,RM,RM503,287301,9996.0,57440.0,14:59:59.0,2209.0
2014,11,11,CZCE,RM,RM505,1565885,964456.0,578412.0,14:59:59.0,2274.0
2014,11,11,CZCE,RM,RM507,131730,158.0,1208.0,14:59:59.0,2262.0
2014,11,11,CZCE,RM,RM508,153059,56.0,366.0,14:59:59.0,2268.0
2014,11,11,CZCE,RM,RM509,894110,121406.0,113756.0,14:59:59.0,2232.0
2014,11,12,CZCE,RM,RM411,484,0.0,7614.0,15:00:00.0,2330.0
2014,11,12,CZCE,RM,RM501,1574157,1080026.0,492678.0,14:59:59.0,2311.0
2014,11,12,CZCE,RM,RM503,254675,17270.0,56006.0,14:59:59.0,2268.0
2014,11,12,CZCE,RM,RM505,1605295,1210386.0,575512.0,14:59:59.0,2345.0
2014,11,12,CZCE,RM,RM507,134129,178.0,1154.0,14:59:59.0,2339.0
2014,11,12,CZCE,RM,RM508,161574,54.0,356.0,14:59:59.0,2336.0
2014,11,12,CZCE,RM,RM509,938788,123710.0,103838.0,14:59:59.0,2301.0
2014,11,13,CZCE,RM,RM411,373,0.0,7614.0,15:00:00.0,2329.0
2014,11,13,CZCE,RM,RM501,1354911,535070.0,498220.0,14:59:59.0,2302.0
2014,11,13,CZCE,RM,RM503,293567,20198.0,66846.0,14:59:59.0,2265.0
2014,11,13,CZCE,RM,RM505,1563857,1017026.0,622220.0,14:59:59.0,2341.0
2014,11,13,CZCE,RM,RM507,56817,496.0,786.0,14:59:58.0,2327.0
2014,11,13,CZCE,RM,RM508,125055,72.0,334.0,14:59:59.0,2334.0
2014,11,13,CZCE,RM,RM509,765297,91988.0,114944.0,14:59:59.0,2302.0
2014,11,14,CZCE,RM,RM411,1011,36.0,7614.0,14:36:22.0,2250.0
2014,11,14,CZCE,RM,RM501,1460330,641792.0,488304.0,14:59:59.0,2256.0
2014,11,14,CZCE,RM,RM503,352619,17270.0,74708.0,14:59:59.0,2222.0
2014,11,14,CZCE,RM,RM505,1740267,1726720.0,609978.0,14:59:59.0,2278.0
2014,11,14,CZCE,RM,RM507,129646,298.0,962.0,14:59:58.0,2272.0
2014,11,14,CZCE,RM,RM508,157927,38.0,352.0,14:59:58.0,2293.0
2014,11,14,CZCE,RM,RM509,1037195,164464.0,125872.0,14:59:59.0,2250.0
2014,11,17,CZCE,RM,RM501,1250245,432190.0,473780.0,14:59:59.0,2243.0
2014,11,17,CZCE,RM,RM503,185376,5092.0,73166.0,14:59:57.0,2212.0
2014,11,17,CZCE,RM,RM505,1688097,1514974.0,615544.0,14:59:59.0,2261.0
2014,11,17,CZCE,RM,RM507,107185,154.0,1062.0,14:59:53.0,2250.0
2014,11,17,CZCE,RM,RM508,155788,30.0,366.0,14:59:53.0,2272.0
2014,11,17,CZCE,RM,RM509,852879,121772.0,133986.0,14:59:59.0,2235.0
2014,11,17,CZCE,RM,RM511,219670,3238.0,2070.0,14:59:59.0,2149.0
2014,11,18,CZCE,RM,RM501,1194428,421414.0,464492.0,14:59:59.0,2226.0
2014,11,18,CZCE,RM,RM503,291428,7286.0,72722.0,14:59:59.0,2198.0
2014,11,18,CZCE,RM,RM505,1672170,1710540.0,607862.0,14:59:59.0,2252.0
2014,11,18,CZCE,RM,RM507,140270,510.0,1472.0,14:59:56.0,2245.0
2014,11,18,CZCE,RM,RM508,171775,118.0,440.0,14:59:56.0,2265.0
2014,11,18,CZCE,RM,RM509,868965,138092.0,136180.0,14:59:59.0,2230.0
2014,11,18,CZCE,RM,RM511,254927,3296.0,3416.0,14:59:59.0,2139.0
2014,11,19,CZCE,RM,RM501,1328640,529868.0,465188.0,14:59:59.0,2170.0
2014,11,19,CZCE,RM,RM503,326901,8658.0,75156.0,14:59:58.0,2148.0
2014,11,19,CZCE,RM,RM505,1768718,2335188.0,665412.0,14:59:59.0,2201.0
2014,11,19,CZCE,RM,RM507,192990,260.0,1648.0,14:59:58.0,2198.0
2014,11,19,CZCE,RM,RM508,191237,202.0,452.0,14:59:58.0,2222.0
2014,11,19,CZCE,RM,RM509,1007307,170748.0,143666.0,14:59:59.0,2188.0
2014,11,19,CZCE,RM,RM511,346010,5512.0,5218.0,14:59:59.0,2090.0
2014,11,20,CZCE,RM,RM501,1335770,528880.0,482554.0,14:59:59.0,2179.0
2014,11,20,CZCE,RM,RM503,273960,5974.0,75316.0,14:59:52.0,2152.0
2014,11,20,CZCE,RM,RM505,1749834,2011358.0,681496.0,14:59:59.0,2201.0
2014,11,20,CZCE,RM,RM507,131048,386.0,1856.0,14:59:59.0,2200.0
2014,11,20,CZCE,RM,RM508,170716,70.0,460.0,14:59:59.0,2233.0
2014,11,20,CZCE,RM,RM509,994699,150766.0,149434.0,14:59:59.0,2190.0
2014,11,20,CZCE,RM,RM511,275497,4410.0,5470.0,14:59:59.0,2086.0
2014,11,21,CZCE,RM,RM501,1429817,785470.0,491446.0,14:59:59.0,2240.0
2014,11,21,CZCE,RM,RM503,362216,25694.0,65394.0,14:59:59.0,2197.0
2014,11,21,CZCE,RM,RM505,1772690,2322638.0,723124.0,14:59:59.0,2231.0
2014,11,21,CZCE,RM,RM507,138108,232.0,1958.0,14:59:59.0,2230.0
2014,11,21,CZCE,RM,RM508,161125,80.0,460.0,14:59:59.0,2250.0
2014,11,21,CZCE,RM,RM509,1001633,159696.0,148632.0,14:59:59.0,2210.0
2014,11,21,CZCE,RM,RM511,258500,3654.0,6110.0,14:59:59.0,2092.0
2014,11,24,CZCE,RM,RM501,1358795,513242.0,443488.0,14:59:59.0,2222.0
2014,11,24,CZCE,RM,RM503,432502,18026.0,52906.0,14:59:58.0,2175.0
2014,11,24,CZCE,RM,RM505,1749270,1786392.0,725334.0,14:59:59.0,2212.0
2014,11,24,CZCE,RM,RM507,148422,334.0,1922.0,14:59:59.0,2210.0
2014,11,24,CZCE,RM,RM508,157296,42.0,438.0,14:59:59.0,2231.0
2014,11,24,CZCE,RM,RM509,1057104,161620.0,159490.0,14:59:59.0,2187.0
2014,11,24,CZCE,RM,RM511,268839,3128.0,6852.0,14:59:59.0,2076.0
2014,11,25,CZCE,RM,RM501,1290294,414846.0,439344.0,14:59:59.0,2244.0
2014,11,25,CZCE,RM,RM503,330719,10622.0,47036.0,14:59:58.0,2193.0
2014,11,25,CZCE,RM,RM505,1748963,1744612.0,746304.0,14:59:59.0,2239.0
2014,11,25,CZCE,RM,RM507,98979,134.0,1898.0,14:59:58.0,2231.0
2014,11,25,CZCE,RM,RM508,118392,4.0,436.0,14:59:58.0,2246.0
2014,11,25,CZCE,RM,RM509,879549,107214.0,155396.0,14:59:59.0,2208.0
2014,11,25,CZCE,RM,RM511,242238,2912.0,6454.0,14:59:58.0,2092.0
2014,11,26,CZCE,RM,RM501,1230688,390000.0,433970.0,14:59:59.0,2248.0
2014,11,26,CZCE,RM,RM503,332842,4634.0,46116.0,14:59:58.0,2194.0
2014,11,26,CZCE,RM,RM505,1773230,2127840.0,790096.0,14:59:59.0,2236.0
2014,11,26,CZCE,RM,RM507,93101,160.0,1970.0,14:59:58.0,2233.0
2014,11,26,CZCE,RM,RM508,151257,34.0,432.0,14:59:58.0,2253.0
2014,11,26,CZCE,RM,RM509,1043842,189060.0,166714.0,14:59:59.0,2214.0
2014,11,26,CZCE,RM,RM511,277698,3502.0,6592.0,14:59:59.0,2098.0
2014,11,27,CZCE,RM,RM501,1071788,229162.0,429886.0,14:59:59.0,2275.0
2014,11,27,CZCE,RM,RM503,202173,4506.0,46100.0,14:59:59.0,2222.0
2014,11,27,CZCE,RM,RM505,1717587,1379514.0,758484.0,14:59:59.0,2259.0
2014,11,27,CZCE,RM,RM507,91086,706.0,2048.0,14:59:59.0,2258.0
2014,11,27,CZCE,RM,RM508,104452,14.0,424.0,14:59:59.0,2271.0
2014,11,27,CZCE,RM,RM509,890184,121696.0,171906.0,14:59:59.0,2232.0
2014,11,27,CZCE,RM,RM511,217855,4698.0,6446.0,14:59:59.0,2113.0
2014,11,28,CZCE,RM,RM501,1246079,418744.0,403460.0,14:59:59.0,2305.0
2014,11,28,CZCE,RM,RM503,336435,13212.0,44248.0,14:59:59.0,2247.0
2014,11,28,CZCE,RM,RM505,1720357,2062680.0,723130.0,14:59:59.0,2281.0
2014,11,28,CZCE,RM,RM507,149279,646.0,1834.0,14:59:59.0,2278.0
2014,11,28,CZCE,RM,RM508,151917,74.0,368.0,14:59:59.0,2293.0
2014,11,28,CZCE,RM,RM509,1006529,190946.0,161320.0,14:59:59.0,2243.0
2014,11,28,CZCE,RM,RM511,286839,5408.0,6706.0,14:59:59.0,2122.0
2014,11,03,CZCE,RS,RS411,87,0,0,0,0
2014,11,03,CZCE,RS,RS507,2837,0.0,366.0,15:00:00.0,4474.0
2014,11,03,CZCE,RS,RS508,2310,0.0,2.0,15:00:00.0,4390.0
2014,11,03,CZCE,RS,RS509,1518,0.0,4.0,15:00:00.0,4570.0
2014,11,04,CZCE,RS,RS411,87,0,0,0,0
2014,11,04,CZCE,RS,RS507,21381,10.0,366.0,14:59:30.0,4449.0
2014,11,04,CZCE,RS,RS508,1886,0.0,2.0,15:00:00.0,4450.0
2014,11,04,CZCE,RS,RS509,5493,0.0,4.0,15:00:00.0,4570.0
2014,11,05,CZCE,RS,RS411,87,0,0,0,0
2014,11,05,CZCE,RS,RS507,16942,46.0,340.0,14:59:58.0,4493.0
2014,11,05,CZCE,RS,RS508,2893,0.0,2.0,15:00:00.0,4450.0
2014,11,05,CZCE,RS,RS509,12777,0.0,4.0,15:00:00.0,4570.0
2014,11,06,CZCE,RS,RS411,87,0,0,0,0
2014,11,06,CZCE,RS,RS507,22383,20.0,330.0,14:57:26.0,4490.0
2014,11,06,CZCE,RS,RS508,1509,0.0,2.0,15:00:00.0,4450.0
2014,11,06,CZCE,RS,RS509,16888,0.0,4.0,15:00:00.0,4570.0
2014,11,07,CZCE,RS,RS411,87,0,0,0,0
2014,11,07,CZCE,RS,RS507,12743,10.0,328.0,14:53:28.0,4509.0
2014,11,07,CZCE,RS,RS508,5004,0.0,2.0,15:00:00.0,4467.0
2014,11,07,CZCE,RS,RS509,15641,10.0,4.0,14:55:54.0,4517.0
2014,11,10,CZCE,RS,RS411,87,0,0,0,0
2014,11,10,CZCE,RS,RS507,11802,0.0,328.0,15:00:00.0,4509.0
2014,11,10,CZCE,RS,RS508,1833,0.0,2.0,15:00:00.0,4467.0
2014,11,10,CZCE,RS,RS509,5917,0.0,4.0,15:00:00.0,4517.0
2014,11,11,CZCE,RS,RS411,87,0,0,0,0
2014,11,11,CZCE,RS,RS507,3882,0.0,328.0,15:00:00.0,4491.0
2014,11,11,CZCE,RS,RS508,3055,0.0,2.0,15:00:00.0,4467.0
2014,11,11,CZCE,RS,RS509,3214,0.0,4.0,15:00:00.0,4558.0
2014,11,12,CZCE,RS,RS411,87,0,0,0,0
2014,11,12,CZCE,RS,RS507,18111,252.0,88.0,14:57:13.0,4525.0
2014,11,12,CZCE,RS,RS508,979,0.0,2.0,15:00:00.0,4467.0
2014,11,12,CZCE,RS,RS509,12224,4.0,6.0,14:59:10.0,4574.0
2014,11,13,CZCE,RS,RS411,87,0,0,0,0
2014,11,13,CZCE,RS,RS507,5919,0.0,88.0,15:00:00.0,4525.0
2014,11,13,CZCE,RS,RS508,4112,0.0,2.0,15:00:00.0,4505.0
2014,11,13,CZCE,RS,RS509,3950,0.0,6.0,15:00:00.0,4574.0
2014,11,14,CZCE,RS,RS411,87,0,0,0,0
2014,11,14,CZCE,RS,RS507,10143,8.0,84.0,14:59:53.0,4550.0
2014,11,14,CZCE,RS,RS508,4006,0.0,2.0,15:00:00.0,4505.0
2014,11,14,CZCE,RS,RS509,2257,0.0,6.0,15:00:00.0,4576.0
2014,11,17,CZCE,RS,RS507,6081,0.0,84.0,15:00:00.0,4550.0
2014,11,17,CZCE,RS,RS508,720,0.0,2.0,15:00:00.0,4505.0
2014,11,17,CZCE,RS,RS509,1147,0.0,6.0,15:00:00.0,4576.0
2014,11,17,CZCE,RS,RS511,193,0.0,0.0,15:00:00.0,4576.0
2014,11,18,CZCE,RS,RS507,6567,0.0,84.0,15:00:00.0,4531.0
2014,11,18,CZCE,RS,RS508,4539,0.0,2.0,15:00:00.0,4505.0
2014,11,18,CZCE,RS,RS509,1147,0.0,6.0,15:00:00.0,4576.0
2014,11,18,CZCE,RS,RS511,193,0.0,0.0,15:00:00.0,4576.0
2014,11,19,CZCE,RS,RS507,2085,2.0,82.0,14:37:28.0,4485.0
2014,11,19,CZCE,RS,RS508,2790,0.0,2.0,15:00:00.0,4505.0
2014,11,19,CZCE,RS,RS509,1518,0.0,6.0,15:00:00.0,4576.0
2014,11,19,CZCE,RS,RS511,193,0.0,0.0,15:00:00.0,4576.0
2014,11,20,CZCE,RS,RS507,3705,2.0,84.0,14:56:38.0,4545.0
2014,11,20,CZCE,RS,RS508,1200,0.0,2.0,15:00:00.0,4505.0
2014,11,20,CZCE,RS,RS509,1886,2.0,8.0,14:58:08.0,4690.0
2014,11,20,CZCE,RS,RS511,193,0.0,0.0,15:00:00.0,4576.0
2014,11,21,CZCE,RS,RS507,3705,2.0,82.0,14:37:09.0,4531.0
2014,11,21,CZCE,RS,RS508,605,0.0,2.0,15:00:00.0,4505.0
2014,11,21,CZCE,RS,RS509,2709,2.0,8.0,14:56:22.0,4502.0
2014,11,21,CZCE,RS,RS511,193,0.0,0.0,15:00:00.0,4576.0
2014,11,24,CZCE,RS,RS507,5271,4.0,82.0,14:57:43.0,4491.0
2014,11,24,CZCE,RS,RS508,443,0.0,2.0,15:00:00.0,4491.0
2014,11,24,CZCE,RS,RS509,985,0.0,8.0,15:00:00.0,4502.0
2014,11,24,CZCE,RS,RS511,299,0.0,0.0,15:00:00.0,4576.0
2014,11,25,CZCE,RS,RS507,1113,0.0,82.0,15:00:00.0,4491.0
2014,11,25,CZCE,RS,RS508,455,0.0,2.0,15:00:00.0,4498.0
2014,11,25,CZCE,RS,RS509,1041,0.0,8.0,15:00:00.0,4502.0
2014,11,25,CZCE,RS,RS511,193,0.0,0.0,15:00:00.0,4576.0
2014,11,26,CZCE,RS,RS507,5265,4.0,82.0,14:59:58.0,4500.0
2014,11,26,CZCE,RS,RS508,505,0.0,2.0,15:00:00.0,4498.0
2014,11,26,CZCE,RS,RS509,405,0.0,8.0,15:00:00.0,4502.0
2014,11,26,CZCE,RS,RS511,193,0.0,0.0,15:00:00.0,4576.0
2014,11,27,CZCE,RS,RS507,2954,10.0,82.0,14:23:13.0,4488.0
2014,11,27,CZCE,RS,RS508,937,0.0,2.0,15:00:00.0,4480.0
2014,11,27,CZCE,RS,RS509,923,0.0,8.0,15:00:00.0,4502.0
2014,11,27,CZCE,RS,RS511,193,0.0,0.0,15:00:00.0,4576.0
2014,11,28,CZCE,RS,RS507,4755,20.0,78.0,14:59:58.0,4490.0
2014,11,28,CZCE,RS,RS508,1129,0.0,2.0,15:00:00.0,4458.0
2014,11,28,CZCE,RS,RS509,3002,0.0,8.0,15:00:00.0,4502.0
2014,11,28,CZCE,RS,RS511,511,0.0,0.0,15:00:00.0,4576.0
2014,11,03,CZCE,SR,SR411,57479,0.0,644.0,15:00:00.0,4370.0
2014,11,03,CZCE,SR,SR501,1454912,692996.0,620200.0,14:59:59.0,4611.0
2014,11,03,CZCE,SR,SR503,255837,6.0,196.0,14:59:59.0,4662.0
2014,11,03,CZCE,SR,SR505,1054348,264602.0,482762.0,14:59:59.0,4681.0
2014,11,03,CZCE,SR,SR507,330626,0.0,174.0,15:00:00.0,4827.0
2014,11,03,CZCE,SR,SR509,631033,37022.0,151962.0,14:59:59.0,4824.0
2014,11,03,CZCE,SR,SR511,127041,2.0,80.0,14:59:57.0,4940.0
2014,11,03,CZCE,SR,SR601,156889,4394.0,29192.0,14:59:55.0,5035.0
2014,11,03,CZCE,SR,SR603,9896,2.0,2.0,14:59:55.0,5079.0
2014,11,04,CZCE,SR,SR411,45764,0.0,644.0,15:00:00.0,4252.0
2014,11,04,CZCE,SR,SR501,1394767,674434.0,579338.0,14:59:59.0,4562.0
2014,11,04,CZCE,SR,SR503,235545,0.0,196.0,15:00:00.0,4662.0
2014,11,04,CZCE,SR,SR505,1096879,280912.0,482078.0,14:59:59.0,4623.0
2014,11,04,CZCE,SR,SR507,303123,0.0,174.0,15:00:00.0,4751.0
2014,11,04,CZCE,SR,SR509,653003,32458.0,156548.0,14:59:59.0,4768.0
2014,11,04,CZCE,SR,SR511,132387,6.0,80.0,14:59:59.0,4857.0
2014,11,04,CZCE,SR,SR601,194365,3444.0,28724.0,14:59:59.0,4965.0
2014,11,04,CZCE,SR,SR603,12312,2.0,0.0,14:59:57.0,5070.0
2014,11,05,CZCE,SR,SR411,57514,2.0,646.0,14:59:58.0,4200.0
2014,11,05,CZCE,SR,SR501,1362090,601262.0,544280.0,14:59:59.0,4490.0
2014,11,05,CZCE,SR,SR503,203753,2.0,194.0,14:59:59.0,4534.0
2014,11,05,CZCE,SR,SR505,1109180,360874.0,513792.0,14:59:59.0,4558.0
2014,11,05,CZCE,SR,SR507,292741,0.0,174.0,15:00:00.0,4691.0
2014,11,05,CZCE,SR,SR509,608985,33854.0,152278.0,14:59:59.0,4701.0
2014,11,05,CZCE,SR,SR511,127203,4.0,80.0,14:59:58.0,4788.0
2014,11,05,CZCE,SR,SR601,183453,2614.0,28364.0,14:59:52.0,4905.0
2014,11,05,CZCE,SR,SR603,28739,0.0,0.0,15:00:00.0,5070.0
2014,11,06,CZCE,SR,SR411,23872,0.0,646.0,15:00:00.0,4200.0
2014,11,06,CZCE,SR,SR501,1341044,462138.0,533946.0,14:59:59.0,4507.0
2014,11,06,CZCE,SR,SR503,152383,0.0,194.0,15:00:00.0,4534.0
2014,11,06,CZCE,SR,SR505,1128221,298094.0,531926.0,14:59:59.0,4580.0
2014,11,06,CZCE,SR,SR507,212004,210.0,218.0,14:59:59.0,4639.0
2014,11,06,CZCE,SR,SR509,627794,34756.0,157136.0,14:59:59.0,4718.0
2014,11,06,CZCE,SR,SR511,127146,0.0,80.0,15:00:00.0,4788.0
2014,11,06,CZCE,SR,SR601,204001,3288.0,30300.0,14:59:59.0,4914.0
2014,11,06,CZCE,SR,SR603,27314,0.0,0.0,14:59:49.0,5006.0
2014,11,07,CZCE,SR,SR411,15471,0.0,646.0,15:00:00.0,4150.0
2014,11,07,CZCE,SR,SR501,1505218,922556.0,562418.0,14:59:59.0,4651.0
2014,11,07,CZCE,SR,SR503,270535,404.0,396.0,14:59:57.0,4697.0
2014,11,07,CZCE,SR,SR505,1340758,614282.0,578580.0,14:59:59.0,4730.0
2014,11,07,CZCE,SR,SR507,232518,10.0,216.0,14:59:58.0,4748.0
2014,11,07,CZCE,SR,SR509,747619,55570.0,153282.0,14:59:59.0,4854.0
2014,11,07,CZCE,SR,SR511,146049,0.0,80.0,15:00:00.0,4803.0
2014,11,07,CZCE,SR,SR601,227107,4704.0,31446.0,14:59:56.0,5042.0
2014,11,07,CZCE,SR,SR603,38005,0.0,0.0,15:00:00.0,4988.0
2014,11,10,CZCE,SR,SR411,26261,4.0,650.0,14:41:39.0,4210.0
2014,11,10,CZCE,SR,SR501,1267517,500574.0,526778.0,14:59:59.0,4623.0
2014,11,10,CZCE,SR,SR503,266522,26.0,408.0,14:59:59.0,4685.0
2014,11,10,CZCE,SR,SR505,1245475,538598.0,576398.0,14:59:59.0,4697.0
2014,11,10,CZCE,SR,SR507,212327,14.0,214.0,14:59:59.0,4767.0
2014,11,10,CZCE,SR,SR509,677599,43896.0,145996.0,14:59:59.0,4818.0
2014,11,10,CZCE,SR,SR511,114135,0.0,80.0,15:00:00.0,4928.0
2014,11,10,CZCE,SR,SR601,162235,3060.0,31466.0,14:59:58.0,5011.0
2014,11,10,CZCE,SR,SR603,35695,0.0,0.0,15:00:00.0,4990.0
2014,11,11,CZCE,SR,SR411,133182,0.0,650.0,15:00:00.0,4210.0
2014,11,11,CZCE,SR,SR501,1479325,604952.0,524736.0,14:59:59.0,4658.0
2014,11,11,CZCE,SR,SR503,286527,6.0,402.0,14:59:57.0,4685.0
2014,11,11,CZCE,SR,SR505,1570836,954562.0,635192.0,14:59:59.0,4735.0
2014,11,11,CZCE,SR,SR507,260238,4.0,214.0,14:59:57.0,4793.0
2014,11,11,CZCE,SR,SR509,750294,37520.0,146390.0,14:59:59.0,4858.0
2014,11,11,CZCE,SR,SR511,160251,0.0,80.0,15:00:00.0,4907.0
2014,11,11,CZCE,SR,SR601,206819,2734.0,31778.0,14:59:46.0,5038.0
2014,11,11,CZCE,SR,SR603,30615,0.0,0.0,15:00:00.0,5040.0
2014,11,12,CZCE,SR,SR411,34364,4.0,654.0,14:58:27.0,4043.0
2014,11,12,CZCE,SR,SR501,1273709,426592.0,508962.0,14:59:59.0,4750.0
2014,11,12,CZCE,SR,SR503,267315,60.0,366.0,14:59:57.0,4784.0
2014,11,12,CZCE,SR,SR505,1481921,969834.0,700094.0,14:59:59.0,4839.0
2014,11,12,CZCE,SR,SR507,222503,26.0,216.0,14:59:52.0,4900.0
2014,11,12,CZCE,SR,SR509,756820,54578.0,144840.0,14:59:59.0,4955.0
2014,11,12,CZCE,SR,SR511,140737,10.0,76.0,14:59:57.0,5012.0
2014,11,12,CZCE,SR,SR601,186254,5456.0,30588.0,14:59:54.0,5149.0
2014,11,12,CZCE,SR,SR603,1173,0.0,0.0,14:59:21.0,5040.0
2014,11,13,CZCE,SR,SR411,1472,290.0,654.0,14:16:46.0,4000.0
2014,11,13,CZCE,SR,SR501,1134193,272382.0,477982.0,14:59:59.0,4694.0
2014,11,13,CZCE,SR,SR503,199575,4.0,364.0,14:59:59.0,4764.0
2014,11,13,CZCE,SR,SR505,1443140,786968.0,677374.0,14:59:59.0,4778.0
2014,11,13,CZCE,SR,SR507,221815,34.0,196.0,14:59:58.0,4841.0
2014,11,13,CZCE,SR,SR509,670692,36134.0,143972.0,14:59:59.0,4902.0
2014,11,13,CZCE,SR,SR511,159225,0.0,76.0,15:00:00.0,5012.0
2014,11,13,CZCE,SR,SR601,208576,2428.0,30680.0,14:59:55.0,5101.0
2014,11,13,CZCE,SR,SR603,28716,112.0,12.0,14:59:22.0,5148.0
2014,11,14,CZCE,SR,SR411,728,14.0,656.0,11:14:02.0,4164.0
2014,11,14,CZCE,SR,SR501,1068670,226996.0,469870.0,14:59:59.0,4694.0
2014,11,14,CZCE,SR,SR503,171082,2.0,364.0,14:59:59.0,4726.0
2014,11,14,CZCE,SR,SR505,1503394,844770.0,713812.0,14:59:59.0,4779.0
2014,11,14,CZCE,SR,SR507,191597,0.0,196.0,15:00:00.0,4841.0
2014,11,14,CZCE,SR,SR509,565003,28476.0,141408.0,14:59:59.0,4902.0
2014,11,14,CZCE,SR,SR511,137031,4.0,76.0,14:59:56.0,4960.0
2014,11,14,CZCE,SR,SR601,206020,3794.0,31920.0,14:59:56.0,5094.0
2014,11,14,CZCE,SR,SR603,9993,10.0,14.0,14:59:22.0,5130.0
2014,11,17,CZCE,SR,SR501,1186353,335804.0,458456.0,14:59:59.0,4709.0
2014,11,17,CZCE,SR,SR503,344002,0.0,364.0,15:00:00.0,4726.0
2014,11,17,CZCE,SR,SR505,1554658,1221756.0,693388.0,14:59:59.0,4793.0
2014,11,17,CZCE,SR,SR507,292742,0.0,196.0,15:00:00.0,4854.0
2014,11,17,CZCE,SR,SR509,769935,50852.0,141614.0,14:59:59.0,4917.0
2014,11,17,CZCE,SR,SR511,193947,2.0,76.0,14:59:58.0,4962.0
2014,11,17,CZCE,SR,SR601,278067,4804.0,32106.0,14:59:59.0,5110.0
2014,11,17,CZCE,SR,SR603,20493,2.0,12.0,14:59:54.0,5141.0
2014,11,17,CZCE,SR,SR605,56542,82.0,54.0,14:59:53.0,5176.0
2014,11,18,CZCE,SR,SR501,1071651,189384.0,450772.0,14:59:59.0,4699.0
2014,11,18,CZCE,SR,SR503,199970,12.0,364.0,14:59:58.0,4759.0
2014,11,18,CZCE,SR,SR505,1572087,953196.0,696896.0,14:59:59.0,4782.0
2014,11,18,CZCE,SR,SR507,204250,2.0,198.0,14:59:58.0,4831.0
2014,11,18,CZCE,SR,SR509,641792,27798.0,140284.0,14:59:58.0,4905.0
2014,11,18,CZCE,SR,SR511,146967,0.0,76.0,15:00:00.0,4962.0
2014,11,18,CZCE,SR,SR601,212190,2992.0,32620.0,14:59:58.0,5099.0
2014,11,18,CZCE,SR,SR603,9804,0.0,12.0,15:00:00.0,5141.0
2014,11,18,CZCE,SR,SR605,46062,218.0,130.0,14:59:55.0,5188.0
2014,11,19,CZCE,SR,SR501,1090481,232946.0,439338.0,14:59:59.0,4619.0
2014,11,19,CZCE,SR,SR503,288195,6.0,360.0,14:59:57.0,4671.0
2014,11,19,CZCE,SR,SR505,1581314,1148582.0,687414.0,14:59:59.0,4687.0
2014,11,19,CZCE,SR,SR507,222786,2.0,196.0,14:59:57.0,4823.0
2014,11,19,CZCE,SR,SR509,694214,51506.0,141600.0,14:59:59.0,4815.0
2014,11,19,CZCE,SR,SR511,168837,8.0,78.0,14:59:58.0,4889.0
2014,11,19,CZCE,SR,SR601,357736,3380.0,33258.0,14:59:59.0,5019.0
2014,11,19,CZCE,SR,SR603,10674,0.0,12.0,15:00:00.0,5141.0
2014,11,19,CZCE,SR,SR605,48043,142.0,126.0,14:59:44.0,5105.0
2014,11,20,CZCE,SR,SR501,1008708,154958.0,433958.0,14:59:59.0,4617.0
2014,11,20,CZCE,SR,SR503,171138,26.0,362.0,14:59:59.0,4661.0
2014,11,20,CZCE,SR,SR505,1542510,838368.0,689918.0,14:59:59.0,4697.0
2014,11,20,CZCE,SR,SR507,191542,0.0,196.0,15:00:00.0,4823.0
2014,11,20,CZCE,SR,SR509,703947,28188.0,141348.0,14:59:59.0,4824.0
2014,11,20,CZCE,SR,SR511,160251,8.0,78.0,14:59:59.0,4901.0
2014,11,20,CZCE,SR,SR601,267159,1834.0,33184.0,14:59:59.0,5029.0
2014,11,20,CZCE,SR,SR603,7545,0.0,12.0,15:00:00.0,5108.0
2014,11,20,CZCE,SR,SR605,43015,54.0,150.0,14:59:53.0,5120.0
2014,11,21,CZCE,SR,SR501,988934,177756.0,414154.0,14:59:59.0,4610.0
2014,11,21,CZCE,SR,SR503,192297,20.0,362.0,14:59:59.0,4658.0
2014,11,21,CZCE,SR,SR505,1526957,871172.0,666960.0,14:59:59.0,4693.0
2014,11,21,CZCE,SR,SR507,177577,18.0,204.0,14:59:59.0,4776.0
2014,11,21,CZCE,SR,SR509,785916,41448.0,139962.0,14:59:59.0,4818.0
2014,11,21,CZCE,SR,SR511,150477,8.0,86.0,14:59:57.0,4917.0
2014,11,21,CZCE,SR,SR601,279167,2112.0,32698.0,14:59:57.0,5019.0
2014,11,21,CZCE,SR,SR603,10827,0.0,12.0,15:00:00.0,5108.0
2014,11,21,CZCE,SR,SR605,115813,140.0,236.0,14:59:59.0,5128.0
2014,11,24,CZCE,SR,SR501,984648,139776.0,403992.0,14:59:59.0,4567.0
2014,11,24,CZCE,SR,SR503,254682,0.0,362.0,15:00:00.0,4658.0
2014,11,24,CZCE,SR,SR505,1487117,868656.0,707228.0,14:59:59.0,4653.0
2014,11,24,CZCE,SR,SR507,242032,0.0,204.0,15:00:00.0,4776.0
2014,11,24,CZCE,SR,SR509,680178,41894.0,143224.0,14:59:59.0,4780.0
2014,11,24,CZCE,SR,SR511,205459,82.0,88.0,14:59:54.0,4873.0
2014,11,24,CZCE,SR,SR601,274410,3152.0,32594.0,14:59:58.0,4981.0
2014,11,24,CZCE,SR,SR603,12555,0.0,12.0,15:00:00.0,5099.0
2014,11,24,CZCE,SR,SR605,120255,46.0,246.0,14:59:58.0,5081.0
2014,11,25,CZCE,SR,SR501,896270,123236.0,395878.0,14:59:59.0,4612.0
2014,11,25,CZCE,SR,SR503,179294,50.0,312.0,14:59:59.0,4638.0
2014,11,25,CZCE,SR,SR505,1534493,855000.0,678800.0,14:59:59.0,4702.0
2014,11,25,CZCE,SR,SR507,192152,2.0,202.0,14:59:59.0,4763.0
2014,11,25,CZCE,SR,SR509,683145,38624.0,145844.0,14:59:59.0,4830.0
2014,11,25,CZCE,SR,SR511,159107,2.0,88.0,14:59:56.0,4895.0
2014,11,25,CZCE,SR,SR601,242508,3592.0,32164.0,14:59:59.0,5018.0
2014,11,25,CZCE,SR,SR603,29983,12.0,10.0,14:59:55.0,5073.0
2014,11,25,CZCE,SR,SR605,50892,374.0,392.0,14:59:55.0,5110.0
2014,11,26,CZCE,SR,SR501,921353,112442.0,384892.0,14:59:59.0,4600.0
2014,11,26,CZCE,SR,SR503,178502,12.0,310.0,14:59:59.0,4669.0
2014,11,26,CZCE,SR,SR505,1551469,779748.0,674838.0,14:59:59.0,4681.0
2014,11,26,CZCE,SR,SR507,144287,4.0,200.0,14:59:59.0,4785.0
2014,11,26,CZCE,SR,SR509,683793,37988.0,150294.0,14:59:59.0,4803.0
2014,11,26,CZCE,SR,SR511,166728,32.0,94.0,14:59:59.0,4879.0
2014,11,26,CZCE,SR,SR601,275837,1774.0,32252.0,14:59:56.0,4990.0
2014,11,26,CZCE,SR,SR603,60893,0.0,10.0,15:00:00.0,5073.0
2014,11,26,CZCE,SR,SR605,82979,180.0,446.0,14:59:53.0,5067.0
2014,11,27,CZCE,SR,SR501,762303,94536.0,374454.0,14:59:59.0,4611.0
2014,11,27,CZCE,SR,SR503,133268,30.0,280.0,14:59:58.0,4679.0
2014,11,27,CZCE,SR,SR505,1420726,615558.0,669018.0,14:59:59.0,4689.0
2014,11,27,CZCE,SR,SR507,140175,2.0,200.0,14:59:58.0,4759.0
2014,11,27,CZCE,SR,SR509,594088,30794.0,147268.0,14:59:59.0,4813.0
2014,11,27,CZCE,SR,SR511,80007,0.0,94.0,15:00:00.0,4879.0
2014,11,27,CZCE,SR,SR601,159129,3766.0,30292.0,14:59:35.0,4988.0
2014,11,27,CZCE,SR,SR603,16989,0.0,10.0,15:00:00.0,5072.0
2014,11,27,CZCE,SR,SR605,94374,156.0,492.0,14:59:16.0,5066.0
2014,11,28,CZCE,SR,SR501,854682,154074.0,336668.0,14:59:59.0,4541.0
2014,11,28,CZCE,SR,SR503,197009,38.0,280.0,14:59:59.0,4600.0
2014,11,28,CZCE,SR,SR505,1520558,880798.0,687592.0,14:59:59.0,4610.0
2014,11,28,CZCE,SR,SR507,227717,16.0,216.0,14:59:59.0,4726.0
2014,11,28,CZCE,SR,SR509,768522,58522.0,150232.0,14:59:59.0,4742.0
2014,11,28,CZCE,SR,SR511,156430,10.0,94.0,14:59:59.0,4828.0
2014,11,28,CZCE,SR,SR601,284283,6090.0,29884.0,14:59:59.0,4939.0
2014,11,28,CZCE,SR,SR603,105285,0.0,10.0,15:00:00.0,5072.0
2014,11,28,CZCE,SR,SR605,132377,504.0,704.0,14:59:59.0,5021.0
2014,11,03,CZCE,TA,TA411,112571,0.0,42.0,15:00:00.0,5586.0
2014,11,03,CZCE,TA,TA412,143587,2.0,30.0,14:59:59.0,5570.0
2014,11,03,CZCE,TA,TA501,1485965,986430.0,812856.0,14:59:59.0,5442.0
2014,11,03,CZCE,TA,TA502,116513,12.0,64.0,14:59:59.0,5436.0
2014,11,03,CZCE,TA,TA503,214324,0.0,54.0,15:00:00.0,5454.0
2014,11,03,CZCE,TA,TA504,118890,0.0,30.0,15:00:00.0,5544.0
2014,11,03,CZCE,TA,TA505,1009670,250186.0,407096.0,14:59:59.0,5430.0
2014,11,03,CZCE,TA,TA506,116889,2.0,10.0,14:59:58.0,5446.0
2014,11,03,CZCE,TA,TA507,42910,2.0,8.0,14:59:54.0,5520.0
2014,11,03,CZCE,TA,TA508,69314,2.0,50.0,14:59:54.0,5504.0
2014,11,03,CZCE,TA,TA509,235647,2376.0,9812.0,14:59:59.0,5496.0
2014,11,03,CZCE,TA,TA510,49778,0.0,0.0,15:00:00.0,5594.0
2014,11,04,CZCE,TA,TA411,102415,0.0,42.0,15:00:00.0,5542.0
2014,11,04,CZCE,TA,TA412,140176,4.0,30.0,14:59:53.0,5428.0
2014,11,04,CZCE,TA,TA501,1512527,1014898.0,767146.0,14:59:59.0,5364.0
2014,11,04,CZCE,TA,TA502,94803,4.0,62.0,14:59:53.0,5366.0
2014,11,04,CZCE,TA,TA503,170024,0.0,54.0,15:00:00.0,5442.0
2014,11,04,CZCE,TA,TA504,131946,38.0,32.0,14:59:58.0,5382.0
2014,11,04,CZCE,TA,TA505,1214205,390214.0,455296.0,14:59:59.0,5324.0
2014,11,04,CZCE,TA,TA506,94803,2.0,10.0,14:59:58.0,5336.0
2014,11,04,CZCE,TA,TA507,33147,0.0,8.0,15:00:00.0,5520.0
2014,11,04,CZCE,TA,TA508,44260,44.0,62.0,14:59:24.0,5366.0
2014,11,04,CZCE,TA,TA509,249560,3990.0,10774.0,14:59:58.0,5382.0
2014,11,04,CZCE,TA,TA510,41774,4.0,2.0,14:59:54.0,5372.0
2014,11,05,CZCE,TA,TA411,67991,0.0,42.0,15:00:00.0,5464.0
2014,11,05,CZCE,TA,TA412,132526,4.0,30.0,14:59:55.0,5340.0
2014,11,05,CZCE,TA,TA501,1423834,746982.0,747196.0,14:59:59.0,5346.0
2014,11,05,CZCE,TA,TA502,79089,2.0,62.0,14:59:55.0,5356.0
2014,11,05,CZCE,TA,TA503,112563,0.0,54.0,15:00:00.0,5346.0
2014,11,05,CZCE,TA,TA504,77972,8.0,32.0,14:59:59.0,5308.0
2014,11,05,CZCE,TA,TA505,1029084,287986.0,426704.0,14:59:59.0,5314.0
2014,11,05,CZCE,TA,TA506,79089,0.0,10.0,15:00:00.0,5336.0
2014,11,05,CZCE,TA,TA507,17894,2.0,6.0,14:59:59.0,5376.0
2014,11,05,CZCE,TA,TA508,42584,2.0,60.0,14:59:58.0,5332.0
2014,11,05,CZCE,TA,TA509,238499,3418.0,11304.0,14:59:59.0,5370.0
2014,11,05,CZCE,TA,TA510,36768,0.0,2.0,15:00:00.0,5372.0
2014,11,06,CZCE,TA,TA411,111469,4.0,42.0,14:59:59.0,5380.0
2014,11,06,CZCE,TA,TA412,120023,42.0,54.0,14:59:59.0,5368.0
2014,11,06,CZCE,TA,TA501,1419462,777710.0,746788.0,14:59:59.0,5406.0
2014,11,06,CZCE,TA,TA502,102155,2.0,62.0,14:59:59.0,5342.0
2014,11,06,CZCE,TA,TA503,97280,8.0,54.0,14:59:59.0,5352.0
2014,11,06,CZCE,TA,TA504,106321,16.0,32.0,14:59:55.0,5380.0
2014,11,06,CZCE,TA,TA505,987925,260366.0,419744.0,14:59:59.0,5382.0
2014,11,06,CZCE,TA,TA506,71583,4.0,10.0,14:59:55.0,5350.0
2014,11,06,CZCE,TA,TA507,50225,0.0,6.0,15:00:00.0,5376.0
2014,11,06,CZCE,TA,TA508,65540,2.0,60.0,14:59:56.0,5386.0
2014,11,06,CZCE,TA,TA509,244666,4198.0,12060.0,14:59:58.0,5428.0
2014,11,06,CZCE,TA,TA510,32756,0.0,2.0,15:00:00.0,5422.0
2014,11,07,CZCE,TA,TA411,96821,0.0,42.0,15:00:00.0,5380.0
2014,11,07,CZCE,TA,TA412,108689,40.0,90.0,14:59:59.0,5430.0
2014,11,07,CZCE,TA,TA501,1465484,918920.0,726098.0,14:59:59.0,5470.0
2014,11,07,CZCE,TA,TA502,113379,8.0,58.0,14:59:59.0,5396.0
2014,11,07,CZCE,TA,TA503,90220,0.0,54.0,15:00:00.0,5352.0
2014,11,07,CZCE,TA,TA504,148580,2.0,30.0,14:59:59.0,5402.0
2014,11,07,CZCE,TA,TA505,1115187,333288.0,427944.0,14:59:59.0,5460.0
2014,11,07,CZCE,TA,TA506,118024,32.0,16.0,14:59:59.0,5420.0
2014,11,07,CZCE,TA,TA507,55261,0.0,6.0,15:00:00.0,5376.0
2014,11,07,CZCE,TA,TA508,53009,0.0,60.0,15:00:00.0,5386.0
2014,11,07,CZCE,TA,TA509,242749,3938.0,11768.0,14:59:59.0,5502.0
2014,11,07,CZCE,TA,TA510,7718,0.0,2.0,15:00:00.0,5422.0
2014,11,10,CZCE,TA,TA411,147818,0.0,42.0,15:00:00.0,5380.0
2014,11,10,CZCE,TA,TA412,151657,64.0,78.0,14:40:30.0,5524.0
2014,11,10,CZCE,TA,TA501,1570284,1222956.0,710882.0,14:59:59.0,5654.0
2014,11,10,CZCE,TA,TA502,142477,220.0,108.0,14:40:30.0,5578.0
2014,11,10,CZCE,TA,TA503,180850,2.0,56.0,14:59:49.0,5554.0
2014,11,10,CZCE,TA,TA504,170401,0.0,30.0,15:00:00.0,5402.0
2014,11,10,CZCE,TA,TA505,1282310,502864.0,451948.0,14:59:59.0,5632.0
2014,11,10,CZCE,TA,TA506,179475,4.0,18.0,14:55:40.0,5546.0
2014,11,10,CZCE,TA,TA507,138289,0.0,6.0,15:00:00.0,5444.0
2014,11,10,CZCE,TA,TA508,81645,0.0,60.0,15:00:00.0,5436.0
2014,11,10,CZCE,TA,TA509,306715,7302.0,12324.0,14:59:59.0,5678.0
2014,11,10,CZCE,TA,TA510,51199,10.0,2.0,14:59:58.0,5644.0
2014,11,11,CZCE,TA,TA411,55769,0.0,42.0,15:00:00.0,5380.0
2014,11,11,CZCE,TA,TA412,163054,112.0,78.0,14:59:59.0,5618.0
2014,11,11,CZCE,TA,TA501,1512115,933908.0,654904.0,14:59:59.0,5600.0
2014,11,11,CZCE,TA,TA502,122796,8.0,106.0,14:59:59.0,5578.0
2014,11,11,CZCE,TA,TA503,186063,0.0,56.0,15:00:00.0,5554.0
2014,11,11,CZCE,TA,TA504,159657,24.0,28.0,14:59:59.0,5568.0
2014,11,11,CZCE,TA,TA505,1282513,520604.0,481692.0,14:59:59.0,5536.0
2014,11,11,CZCE,TA,TA506,143951,42.0,14.0,14:59:59.0,5518.0
2014,11,11,CZCE,TA,TA507,30085,0.0,6.0,15:00:00.0,5624.0
2014,11,11,CZCE,TA,TA508,63051,0.0,60.0,15:00:00.0,5564.0
2014,11,11,CZCE,TA,TA509,260059,4784.0,12350.0,14:59:59.0,5580.0
2014,11,11,CZCE,TA,TA510,50932,2.0,0.0,14:59:56.0,5642.0
2014,11,12,CZCE,TA,TA411,3953,0.0,42.0,15:00:00.0,5380.0
2014,11,12,CZCE,TA,TA412,130725,8.0,78.0,14:59:59.0,5584.0
2014,11,12,CZCE,TA,TA501,1571492,1086946.0,691780.0,14:59:59.0,5666.0
2014,11,12,CZCE,TA,TA502,170851,0.0,106.0,15:00:00.0,5578.0
2014,11,12,CZCE,TA,TA503,190771,10.0,56.0,14:59:59.0,5600.0
2014,11,12,CZCE,TA,TA504,129654,0.0,28.0,15:00:00.0,5568.0
2014,11,12,CZCE,TA,TA505,1350263,572232.0,532780.0,14:59:59.0,5592.0
2014,11,12,CZCE,TA,TA506,135578,12.0,14.0,14:59:59.0,5568.0
2014,11,12,CZCE,TA,TA507,101367,0.0,6.0,15:00:00.0,5624.0
2014,11,12,CZCE,TA,TA508,60027,0.0,60.0,15:00:00.0,5564.0
2014,11,12,CZCE,TA,TA509,243911,5528.0,11904.0,14:59:59.0,5610.0
2014,11,12,CZCE,TA,TA510,54372,0.0,0.0,15:00:00.0,5642.0
2014,11,13,CZCE,TA,TA411,343,0.0,42.0,15:00:00.0,5380.0
2014,11,13,CZCE,TA,TA412,147259,138.0,140.0,14:59:59.0,5748.0
2014,11,13,CZCE,TA,TA501,1610970,1570278.0,767980.0,14:59:59.0,5776.0
2014,11,13,CZCE,TA,TA502,165248,4.0,104.0,14:59:58.0,5712.0
2014,11,13,CZCE,TA,TA503,230285,12.0,66.0,14:59:53.0,5698.0
2014,11,13,CZCE,TA,TA504,187654,58.0,34.0,14:59:53.0,5664.0
2014,11,13,CZCE,TA,TA505,1385840,642956.0,559610.0,14:59:59.0,5676.0
2014,11,13,CZCE,TA,TA506,171025,96.0,38.0,14:59:53.0,5678.0
2014,11,13,CZCE,TA,TA507,119710,4.0,6.0,14:59:53.0,5670.0
2014,11,13,CZCE,TA,TA508,63013,12.0,58.0,14:59:57.0,5678.0
2014,11,13,CZCE,TA,TA509,400054,6864.0,11450.0,14:59:57.0,5690.0
2014,11,13,CZCE,TA,TA510,61349,4.0,2.0,14:59:57.0,5746.0
2014,11,14,CZCE,TA,TA411,602,0.0,42.0,15:00:00.0,5380.0
2014,11,14,CZCE,TA,TA412,127146,4.0,138.0,14:59:59.0,5650.0
2014,11,14,CZCE,TA,TA501,1699358,1717552.0,703592.0,14:59:59.0,5710.0
2014,11,14,CZCE,TA,TA502,168847,98.0,100.0,14:59:59.0,5662.0
2014,11,14,CZCE,TA,TA503,234333,18.0,68.0,14:59:47.0,5632.0
2014,11,14,CZCE,TA,TA504,180945,0.0,34.0,15:00:00.0,5664.0
2014,11,14,CZCE,TA,TA505,1466174,847464.0,586038.0,14:59:59.0,5568.0
2014,11,14,CZCE,TA,TA506,182124,12.0,34.0,14:59:47.0,5542.0
2014,11,14,CZCE,TA,TA507,138470,0.0,6.0,15:00:00.0,5670.0
2014,11,14,CZCE,TA,TA508,69112,22.0,72.0,14:59:50.0,5516.0
2014,11,14,CZCE,TA,TA509,424841,12180.0,12720.0,14:59:59.0,5582.0
2014,11,14,CZCE,TA,TA510,87523,0.0,2.0,15:00:00.0,5746.0
2014,11,17,CZCE,TA,TA412,208832,80.0,124.0,14:59:58.0,5668.0
2014,11,17,CZCE,TA,TA501,1623900,1378572.0,710380.0,14:59:59.0,5644.0
2014,11,17,CZCE,TA,TA502,255019,30.0,94.0,14:59:58.0,5596.0
2014,11,17,CZCE,TA,TA503,227129,10.0,78.0,14:59:59.0,5566.0
2014,11,17,CZCE,TA,TA504,187330,4.0,34.0,14:59:59.0,5560.0
2014,11,17,CZCE,TA,TA505,1478697,809476.0,631024.0,14:59:59.0,5484.0
2014,11,17,CZCE,TA,TA506,187166,134.0,16.0,14:59:59.0,5488.0
2014,11,17,CZCE,TA,TA507,164547,4.0,2.0,14:59:59.0,5530.0
2014,11,17,CZCE,TA,TA508,96209,32.0,76.0,14:59:58.0,5484.0
2014,11,17,CZCE,TA,TA509,443878,10584.0,13994.0,14:59:59.0,5492.0
2014,11,17,CZCE,TA,TA510,99943,0.0,2.0,15:00:00.0,5584.0
2014,11,17,CZCE,TA,TA511,19917,120.0,8.0,14:59:50.0,5454.0
2014,11,18,CZCE,TA,TA412,127830,0.0,124.0,15:00:00.0,5668.0
2014,11,18,CZCE,TA,TA501,1459283,836264.0,673524.0,14:59:59.0,5668.0
2014,11,18,CZCE,TA,TA502,199999,0.0,94.0,15:00:00.0,5596.0
2014,11,18,CZCE,TA,TA503,142326,2.0,78.0,14:59:53.0,5534.0
2014,11,18,CZCE,TA,TA504,182801,0.0,34.0,15:00:00.0,5560.0
2014,11,18,CZCE,TA,TA505,1398529,684402.0,650556.0,14:59:59.0,5510.0
2014,11,18,CZCE,TA,TA506,155291,18.0,16.0,14:59:52.0,5500.0
2014,11,18,CZCE,TA,TA507,112765,0.0,2.0,15:00:00.0,5530.0
2014,11,18,CZCE,TA,TA508,84883,20.0,70.0,14:59:34.0,5506.0
2014,11,18,CZCE,TA,TA509,366152,3560.0,14062.0,14:59:56.0,5528.0
2014,11,18,CZCE,TA,TA510,63597,0.0,2.0,15:00:00.0,5498.0
2014,11,18,CZCE,TA,TA511,28637,0.0,8.0,15:00:00.0,5454.0
2014,11,19,CZCE,TA,TA412,177497,4.0,124.0,14:59:57.0,5810.0
2014,11,19,CZCE,TA,TA501,1679322,1903686.0,742952.0,14:59:59.0,5826.0
2014,11,19,CZCE,TA,TA502,197917,30.0,94.0,14:59:59.0,5682.0
2014,11,19,CZCE,TA,TA503,213839,32.0,80.0,14:59:22.0,5672.0
2014,11,19,CZCE,TA,TA504,226216,36.0,44.0,14:59:59.0,5622.0
2014,11,19,CZCE,TA,TA505,1594556,1481520.0,671848.0,14:59:59.0,5594.0
2014,11,19,CZCE,TA,TA506,201037,18.0,10.0,14:59:59.0,5698.0
2014,11,19,CZCE,TA,TA507,174616,0.0,2.0,15:00:00.0,5508.0
2014,11,19,CZCE,TA,TA508,86133,24.0,52.0,14:59:49.0,5592.0
2014,11,19,CZCE,TA,TA509,370633,12884.0,12720.0,14:59:59.0,5602.0
2014,11,19,CZCE,TA,TA510,81303,0.0,2.0,15:00:00.0,5498.0
2014,11,19,CZCE,TA,TA511,52519,0.0,8.0,14:59:50.0,5538.0
2014,11,20,CZCE,TA,TA412,193891,12.0,116.0,14:59:59.0,5828.0
2014,11,20,CZCE,TA,TA501,1616702,1409692.0,722238.0,14:59:59.0,5876.0
2014,11,20,CZCE,TA,TA502,109599,4.0,90.0,14:59:59.0,5744.0
2014,11,20,CZCE,TA,TA503,177533,30.0,72.0,14:59:59.0,5702.0
2014,11,20,CZCE,TA,TA504,162938,32.0,18.0,14:59:53.0,5668.0
2014,11,20,CZCE,TA,TA505,1511118,849922.0,640738.0,14:59:59.0,5624.0
2014,11,20,CZCE,TA,TA506,169553,12.0,10.0,14:59:53.0,5678.0
2014,11,20,CZCE,TA,TA507,139492,0.0,2.0,15:00:00.0,5576.0
2014,11,20,CZCE,TA,TA508,72393,8.0,52.0,14:59:55.0,5586.0
2014,11,20,CZCE,TA,TA509,304655,8060.0,13320.0,14:59:55.0,5620.0
2014,11,20,CZCE,TA,TA510,57318,0.0,2.0,15:00:00.0,5572.0
2014,11,20,CZCE,TA,TA511,38052,6.0,2.0,14:59:21.0,5600.0
2014,11,21,CZCE,TA,TA412,130880,50.0,112.0,14:59:57.0,5820.0
2014,11,21,CZCE,TA,TA501,1518592,946392.0,697858.0,14:59:59.0,5878.0
2014,11,21,CZCE,TA,TA502,130977,8.0,86.0,14:59:56.0,5726.0
2014,11,21,CZCE,TA,TA503,123950,28.0,72.0,14:59:51.0,5674.0
2014,11,21,CZCE,TA,TA504,130260,8.0,10.0,14:59:52.0,5644.0
2014,11,21,CZCE,TA,TA505,1398198,715236.0,632934.0,14:59:59.0,5648.0
2014,11,21,CZCE,TA,TA506,141473,12.0,6.0,14:59:51.0,5684.0
2014,11,21,CZCE,TA,TA507,90833,0.0,2.0,15:00:00.0,5602.0
2014,11,21,CZCE,TA,TA508,46747,2.0,50.0,14:59:49.0,5580.0
2014,11,21,CZCE,TA,TA509,300294,7276.0,13818.0,14:59:58.0,5636.0
2014,11,21,CZCE,TA,TA510,53740,0.0,2.0,15:00:00.0,5586.0
2014,11,21,CZCE,TA,TA511,13061,0.0,2.0,15:00:00.0,5600.0
2014,11,24,CZCE,TA,TA412,161235,4.0,112.0,14:59:58.0,5812.0
2014,11,24,CZCE,TA,TA501,1500065,1042642.0,621340.0,14:59:59.0,5832.0
2014,11,24,CZCE,TA,TA502,158568,0.0,86.0,15:00:00.0,5726.0
2014,11,24,CZCE,TA,TA503,168723,8.0,64.0,14:59:59.0,5714.0
2014,11,24,CZCE,TA,TA504,151243,0.0,10.0,15:00:00.0,5644.0
2014,11,24,CZCE,TA,TA505,1614825,1355276.0,670718.0,14:59:59.0,5668.0
2014,11,24,CZCE,TA,TA506,168498,386.0,150.0,14:59:59.0,5656.0
2014,11,24,CZCE,TA,TA507,86200,0.0,2.0,15:00:00.0,5620.0
2014,11,24,CZCE,TA,TA508,102310,0.0,50.0,15:00:00.0,5580.0
2014,11,24,CZCE,TA,TA509,340567,8602.0,13408.0,14:59:59.0,5630.0
2014,11,24,CZCE,TA,TA510,108372,0.0,2.0,15:00:00.0,5600.0
2014,11,24,CZCE,TA,TA511,8768,0.0,2.0,15:00:00.0,5600.0
2014,11,25,CZCE,TA,TA412,144505,8.0,110.0,14:59:20.0,5804.0
2014,11,25,CZCE,TA,TA501,1410517,777336.0,563654.0,14:59:59.0,5840.0
2014,11,25,CZCE,TA,TA502,128883,0.0,86.0,15:00:00.0,5746.0
2014,11,25,CZCE,TA,TA503,191329,10.0,58.0,14:59:58.0,5674.0
2014,11,25,CZCE,TA,TA504,186663,46.0,28.0,14:59:58.0,5574.0
2014,11,25,CZCE,TA,TA505,1660216,1577400.0,626382.0,14:59:59.0,5644.0
2014,11,25,CZCE,TA,TA506,159354,160.0,192.0,14:59:58.0,5626.0
2014,11,25,CZCE,TA,TA507,91129,2.0,2.0,14:59:58.0,5610.0
2014,11,25,CZCE,TA,TA508,72879,0.0,50.0,15:00:00.0,5580.0
2014,11,25,CZCE,TA,TA509,316573,6538.0,13984.0,14:59:58.0,5616.0
2014,11,25,CZCE,TA,TA510,89985,2.0,4.0,14:59:46.0,5552.0
2014,11,25,CZCE,TA,TA511,40633,0.0,2.0,14:59:52.0,5610.0
2014,11,26,CZCE,TA,TA412,171562,2.0,110.0,14:59:56.0,5742.0
2014,11,26,CZCE,TA,TA501,1115265,359036.0,537834.0,14:59:59.0,5794.0
2014,11,26,CZCE,TA,TA502,66732,0.0,86.0,15:00:00.0,5746.0
2014,11,26,CZCE,TA,TA503,133518,0.0,58.0,15:00:00.0,5674.0
2014,11,26,CZCE,TA,TA504,106683,6.0,30.0,14:59:49.0,5628.0
2014,11,26,CZCE,TA,TA505,1570709,1002332.0,643624.0,14:59:59.0,5620.0
2014,11,26,CZCE,TA,TA506,92416,10.0,186.0,14:59:49.0,5594.0
2014,11,26,CZCE,TA,TA507,61794,0.0,2.0,15:00:00.0,5610.0
2014,11,26,CZCE,TA,TA508,68613,0.0,50.0,15:00:00.0,5582.0
2014,11,26,CZCE,TA,TA509,255061,4980.0,14730.0,14:59:59.0,5580.0
2014,11,26,CZCE,TA,TA510,85317,0.0,4.0,15:00:00.0,5552.0
2014,11,26,CZCE,TA,TA511,16841,0.0,2.0,15:00:00.0,5562.0
2014,11,27,CZCE,TA,TA412,159757,28.0,126.0,14:59:45.0,5702.0
2014,11,27,CZCE,TA,TA501,1080036,387586.0,463956.0,14:59:59.0,5746.0
2014,11,27,CZCE,TA,TA502,88335,0.0,86.0,15:00:00.0,5746.0
2014,11,27,CZCE,TA,TA503,114622,0.0,58.0,15:00:00.0,5644.0
2014,11,27,CZCE,TA,TA504,108843,2.0,32.0,14:59:59.0,5600.0
2014,11,27,CZCE,TA,TA505,1613035,1284574.0,614112.0,14:59:59.0,5576.0
2014,11,27,CZCE,TA,TA506,116189,46.0,152.0,14:59:59.0,5568.0
2014,11,27,CZCE,TA,TA507,87736,0.0,2.0,15:00:00.0,5584.0
2014,11,27,CZCE,TA,TA508,98749,0.0,50.0,15:00:00.0,5580.0
2014,11,27,CZCE,TA,TA509,218493,6996.0,14960.0,14:59:59.0,5550.0
2014,11,27,CZCE,TA,TA510,61725,0.0,4.0,15:00:00.0,5552.0
2014,11,27,CZCE,TA,TA511,17737,0.0,2.0,15:00:00.0,5552.0
2014,11,28,CZCE,TA,TA412,132194,2.0,126.0,14:59:50.0,5680.0
2014,11,28,CZCE,TA,TA501,1033889,434944.0,399662.0,14:59:59.0,5510.0
2014,11,28,CZCE,TA,TA502,129225,4.0,82.0,14:59:49.0,5476.0
2014,11,28,CZCE,TA,TA503,156762,18.0,60.0,14:59:49.0,5434.0
2014,11,28,CZCE,TA,TA504,125063,0.0,32.0,15:00:00.0,5600.0
2014,11,28,CZCE,TA,TA505,1572153,1182850.0,606494.0,14:59:59.0,5336.0
2014,11,28,CZCE,TA,TA506,88886,380.0,326.0,14:58:54.0,5334.0
2014,11,28,CZCE,TA,TA507,8104,0.0,2.0,15:00:00.0,5578.0
2014,11,28,CZCE,TA,TA508,44625,2.0,50.0,14:59:23.0,5326.0
2014,11,28,CZCE,TA,TA509,356660,27508.0,27448.0,14:59:57.0,5312.0
2014,11,28,CZCE,TA,TA510,43395,10.0,8.0,14:59:05.0,5330.0
2014,11,28,CZCE,TA,TA511,7495,2.0,4.0,14:59:49.0,5328.0
2014,11,03,CZCE,TC,TC411,87,0,0,0,0
2014,11,03,CZCE,TC,TC412,375,0.0,0.0,13:30:09.0,518.4
2014,11,03,CZCE,TC,TC501,432237,68856.0,148668.0,14:59:59.0,511.0
2014,11,03,CZCE,TC,TC502,41985,0.0,20.0,15:00:00.0,517.6
2014,11,03,CZCE,TC,TC503,2547,0.0,0.0,13:30:09.0,521.0
2014,11,03,CZCE,TC,TC504,16223,0.0,2.0,14:58:45.0,518.4
2014,11,03,CZCE,TC,TC505,135584,8670.0,32390.0,14:59:59.0,500.8
2014,11,03,CZCE,TC,TC506,28237,0.0,2.0,15:00:00.0,505.6
2014,11,03,CZCE,TC,TC507,10775,0.0,0.0,15:00:00.0,512.6
2014,11,03,CZCE,TC,TC508,26241,0.0,0.0,15:00:00.0,505.4
2014,11,03,CZCE,TC,TC509,47236,56.0,378.0,14:59:57.0,502.0
2014,11,03,CZCE,TC,TC510,31892,12.0,2.0,14:59:59.0,504.4
2014,11,04,CZCE,TC,TC411,87,0,0,0,0
2014,11,04,CZCE,TC,TC412,327,0.0,0.0,13:30:08.0,518.4
2014,11,04,CZCE,TC,TC501,364785,39088.0,150968.0,14:59:59.0,508.2
2014,11,04,CZCE,TC,TC502,17058,0.0,20.0,15:00:00.0,512.0
2014,11,04,CZCE,TC,TC503,327,0.0,0.0,14:57:39.0,518.4
2014,11,04,CZCE,TC,TC504,14103,0.0,2.0,14:59:48.0,515.8
2014,11,04,CZCE,TC,TC505,149980,6260.0,31932.0,14:59:59.0,500.4
2014,11,04,CZCE,TC,TC506,29787,0.0,2.0,15:00:00.0,504.8
2014,11,04,CZCE,TC,TC507,3279,0.0,0.0,14:58:38.0,510.8
2014,11,04,CZCE,TC,TC508,18079,0.0,0.0,14:58:24.0,503.6
2014,11,04,CZCE,TC,TC509,43516,48.0,398.0,14:59:59.0,501.0
2014,11,04,CZCE,TC,TC510,1759,0.0,2.0,15:00:00.0,504.4
2014,11,05,CZCE,TC,TC411,87,0,0,0,0
2014,11,05,CZCE,TC,TC412,519,0.0,0.0,14:56:43.0,518.4
2014,11,05,CZCE,TC,TC501,800939,173764.0,169378.0,14:59:59.0,493.2
2014,11,05,CZCE,TC,TC502,41192,0.0,20.0,14:53:24.0,508.2
2014,11,05,CZCE,TC,TC503,2011,0.0,0.0,14:53:24.0,514.6
2014,11,05,CZCE,TC,TC504,26541,2.0,2.0,14:58:36.0,499.0
2014,11,05,CZCE,TC,TC505,346579,19608.0,35250.0,14:59:59.0,482.6
2014,11,05,CZCE,TC,TC506,30933,0.0,2.0,15:00:00.0,504.8
2014,11,05,CZCE,TC,TC507,43074,66.0,0.0,14:58:31.0,482.0
2014,11,05,CZCE,TC,TC508,34392,36.0,12.0,14:59:54.0,485.4
2014,11,05,CZCE,TC,TC509,99872,388.0,482.0,14:59:56.0,486.0
2014,11,05,CZCE,TC,TC510,16321,2.0,0.0,14:59:49.0,500.8
2014,11,06,CZCE,TC,TC411,87,0,0,0,0
2014,11,06,CZCE,TC,TC412,231,0.0,0.0,13:30:09.0,518.4
2014,11,06,CZCE,TC,TC501,418992,51974.0,160772.0,14:59:59.0,494.4
2014,11,06,CZCE,TC,TC502,48332,4.0,20.0,14:59:53.0,481.2
2014,11,06,CZCE,TC,TC503,375,0.0,0.0,14:20:05.0,502.8
2014,11,06,CZCE,TC,TC504,4289,0.0,2.0,15:00:00.0,499.0
2014,11,06,CZCE,TC,TC505,182975,9602.0,34548.0,14:59:59.0,483.4
2014,11,06,CZCE,TC,TC506,34783,0.0,2.0,15:00:00.0,492.8
2014,11,06,CZCE,TC,TC507,18381,0.0,0.0,14:59:46.0,482.0
2014,11,06,CZCE,TC,TC508,10071,12.0,0.0,14:59:46.0,488.0
2014,11,06,CZCE,TC,TC509,42107,144.0,388.0,14:59:50.0,487.2
2014,11,06,CZCE,TC,TC510,10489,0.0,0.0,15:00:00.0,500.8
2014,11,07,CZCE,TC,TC411,87,0,0,0,0
2014,11,07,CZCE,TC,TC412,327,0.0,0.0,13:30:09.0,518.4
2014,11,07,CZCE,TC,TC501,491873,55374.0,160816.0,14:59:59.0,493.8
2014,11,07,CZCE,TC,TC502,76932,0.0,20.0,15:00:00.0,481.2
2014,11,07,CZCE,TC,TC503,5229,0.0,0.0,13:42:11.0,488.2
2014,11,07,CZCE,TC,TC504,38661,0.0,2.0,15:00:00.0,484.6
2014,11,07,CZCE,TC,TC505,223249,11374.0,33214.0,14:59:59.0,485.4
2014,11,07,CZCE,TC,TC506,15415,0.0,2.0,15:00:00.0,486.4
2014,11,07,CZCE,TC,TC507,49381,0.0,0.0,14:59:48.0,488.2
2014,11,07,CZCE,TC,TC508,43881,0.0,0.0,15:00:00.0,488.0
2014,11,07,CZCE,TC,TC509,49506,82.0,384.0,14:59:59.0,488.0
2014,11,07,CZCE,TC,TC510,19219,0.0,0.0,14:59:48.0,497.4
2014,11,10,CZCE,TC,TC412,3117,14.0,0.0,14:53:12.0,509.0
2014,11,10,CZCE,TC,TC501,345402,32766.0,158504.0,14:59:58.0,496.6
2014,11,10,CZCE,TC,TC502,17366,0.0,20.0,15:00:00.0,482.0
2014,11,10,CZCE,TC,TC503,8779,0.0,0.0,14:59:49.0,487.2
2014,11,10,CZCE,TC,TC504,11873,0.0,2.0,15:00:00.0,483.6
2014,11,10,CZCE,TC,TC505,137463,5588.0,32834.0,14:59:52.0,488.2
2014,11,10,CZCE,TC,TC506,10519,0.0,2.0,15:00:00.0,488.8
2014,11,10,CZCE,TC,TC507,6733,0.0,0.0,14:58:35.0,490.6
2014,11,10,CZCE,TC,TC508,9537,0.0,0.0,15:00:00.0,488.0
2014,11,10,CZCE,TC,TC509,41243,34.0,402.0,14:59:38.0,488.8
2014,11,10,CZCE,TC,TC510,1585,0.0,0.0,14:58:22.0,496.4
2014,11,10,CZCE,TC,TC511,2087,0.0,0.0,15:00:00.0,496.4
2014,11,11,CZCE,TC,TC412,183,0.0,0.0,13:30:10.0,509.0
2014,11,11,CZCE,TC,TC501,463643,47032.0,157366.0,14:59:59.0,496.4
2014,11,11,CZCE,TC,TC502,42301,0.0,20.0,15:00:00.0,486.0
2014,11,11,CZCE,TC,TC503,12585,0.0,0.0,13:48:12.0,489.0
2014,11,11,CZCE,TC,TC504,37537,0.0,2.0,15:00:00.0,485.4
2014,11,11,CZCE,TC,TC505,150064,4810.0,32310.0,14:59:53.0,488.6
2014,11,11,CZCE,TC,TC506,13537,0.0,2.0,15:00:00.0,491.2
2014,11,11,CZCE,TC,TC507,14031,0.0,0.0,15:00:00.0,493.0
2014,11,11,CZCE,TC,TC508,17281,0.0,0.0,15:00:00.0,488.0
2014,11,11,CZCE,TC,TC509,52710,36.0,402.0,14:59:48.0,488.2
2014,11,11,CZCE,TC,TC510,2993,0.0,0.0,14:59:32.0,498.8
2014,11,11,CZCE,TC,TC511,6831,0.0,0.0,14:58:24.0,496.4
2014,11,12,CZCE,TC,TC412,87,0,0,0,0
2014,11,12,CZCE,TC,TC501,368842,42676.0,154318.0,14:59:59.0,498.8
2014,11,12,CZCE,TC,TC502,24096,0.0,20.0,15:00:00.0,484.8
2014,11,12,CZCE,TC,TC503,7637,0.0,0.0,14:52:13.0,487.8
2014,11,12,CZCE,TC,TC504,25237,0.0,2.0,15:00:00.0,485.4
2014,11,12,CZCE,TC,TC505,137674,6226.0,31384.0,14:59:56.0,492.0
2014,11,12,CZCE,TC,TC506,9387,0.0,2.0,15:00:00.0,491.2
2014,11,12,CZCE,TC,TC507,10835,0.0,0.0,14:58:23.0,492.2
2014,11,12,CZCE,TC,TC508,13925,0.0,0.0,15:00:00.0,487.2
2014,11,12,CZCE,TC,TC509,33526,34.0,404.0,14:59:55.0,492.0
2014,11,12,CZCE,TC,TC510,1037,0.0,0.0,14:58:29.0,497.8
2014,11,12,CZCE,TC,TC511,5633,0.0,0.0,14:58:24.0,495.4
2014,11,13,CZCE,TC,TC412,87,0,0,0,0
2014,11,13,CZCE,TC,TC501,255712,21744.0,155928.0,14:59:59.0,497.8
2014,11,13,CZCE,TC,TC502,14869,0.0,20.0,15:00:00.0,488.4
2014,11,13,CZCE,TC,TC503,6685,0.0,0.0,14:59:49.0,491.4
2014,11,13,CZCE,TC,TC504,16087,0.0,2.0,15:00:00.0,485.4
2014,11,13,CZCE,TC,TC505,104901,5394.0,32354.0,14:59:54.0,492.2
2014,11,13,CZCE,TC,TC506,4637,0.0,2.0,15:00:00.0,491.2
2014,11,13,CZCE,TC,TC507,3585,0.0,0.0,14:58:15.0,496.2
