YYYY,MM,DD,EXCH,COMMODITY,TICKER,FILESIZE,VOLUME,OPENINT,TIMESTAMP,LASTPRICE
2013,01,04,CZCE,CF,CF301,15107,4656.0,10398.0,14:59:17.0,19970.0
2013,01,04,CZCE,CF,CF303,28133,248.0,9408.0,14:59:55.0,19680.0
2013,01,04,CZCE,CF,CF305,509012,64100.0,185382.0,14:59:59.0,19045.0
2013,01,04,CZCE,CF,CF307,63962,20.0,786.0,14:59:58.0,19130.0
2013,01,04,CZCE,CF,CF309,230662,12782.0,53234.0,14:59:59.0,19165.0
2013,01,04,CZCE,CF,CF311,52383,112.0,330.0,14:59:58.0,19355.0
2013,01,07,CZCE,CF,CF301,6008,1522.0,9314.0,14:56:43.0,20000.0
2013,01,07,CZCE,CF,CF303,65403,2050.0,8502.0,14:59:59.0,19750.0
2013,01,07,CZCE,CF,CF305,675110,131476.0,174392.0,14:59:59.0,19225.0
2013,01,07,CZCE,CF,CF307,84657,84.0,730.0,14:59:59.0,19250.0
2013,01,07,CZCE,CF,CF309,451974,45382.0,60514.0,14:59:59.0,19220.0
2013,01,07,CZCE,CF,CF311,67343,190.0,464.0,14:59:59.0,19380.0
2013,01,08,CZCE,CF,CF301,6081,262.0,9048.0,14:59:08.0,19900.0
2013,01,08,CZCE,CF,CF303,52330,1266.0,7410.0,14:59:59.0,19780.0
2013,01,08,CZCE,CF,CF305,482894,61894.0,173004.0,14:59:59.0,19225.0
2013,01,08,CZCE,CF,CF307,89997,34.0,726.0,14:59:59.0,19235.0
2013,01,08,CZCE,CF,CF309,269788,18674.0,60764.0,14:59:59.0,19195.0
2013,01,08,CZCE,CF,CF311,54006,48.0,490.0,14:59:59.0,19420.0
2013,01,09,CZCE,CF,CF301,10626,506.0,8656.0,14:59:52.0,19850.0
2013,01,09,CZCE,CF,CF303,51871,1068.0,6756.0,14:59:59.0,19760.0
2013,01,09,CZCE,CF,CF305,537815,77330.0,173212.0,14:59:59.0,19260.0
2013,01,09,CZCE,CF,CF307,219763,140.0,650.0,14:59:59.0,19270.0
2013,01,09,CZCE,CF,CF309,286693,15916.0,63260.0,14:59:59.0,19195.0
2013,01,09,CZCE,CF,CF311,45546,64.0,512.0,14:59:53.0,19385.0
2013,01,10,CZCE,CF,CF301,8814,646.0,8068.0,14:57:53.0,19710.0
2013,01,10,CZCE,CF,CF303,36202,390.0,6468.0,14:59:54.0,19760.0
2013,01,10,CZCE,CF,CF305,335161,27944.0,173060.0,14:59:59.0,19265.0
2013,01,10,CZCE,CF,CF307,122744,16.0,652.0,14:59:58.0,19265.0
2013,01,10,CZCE,CF,CF309,190882,10582.0,63602.0,14:59:59.0,19165.0
2013,01,10,CZCE,CF,CF311,37348,92.0,592.0,14:59:59.0,19365.0
2013,01,11,CZCE,CF,CF301,10614,898.0,8002.0,14:59:48.0,19650.0
2013,01,11,CZCE,CF,CF303,29720,302.0,6326.0,14:59:57.0,19790.0
2013,01,11,CZCE,CF,CF305,475136,52356.0,175382.0,14:59:59.0,19320.0
2013,01,11,CZCE,CF,CF307,62246,16.0,650.0,14:59:57.0,19245.0
2013,01,11,CZCE,CF,CF309,241800,12104.0,63440.0,14:59:57.0,19110.0
2013,01,11,CZCE,CF,CF311,44860,70.0,628.0,14:59:57.0,19320.0
2013,01,14,CZCE,CF,CF301,13147,1880.0,6636.0,14:58:17.0,19685.0
2013,01,14,CZCE,CF,CF303,37090,576.0,6256.0,14:59:56.0,19885.0
2013,01,14,CZCE,CF,CF305,456162,65032.0,182012.0,14:59:59.0,19380.0
2013,01,14,CZCE,CF,CF307,58946,18.0,652.0,14:59:59.0,19310.0
2013,01,14,CZCE,CF,CF309,245225,15302.0,67688.0,14:59:57.0,19155.0
2013,01,14,CZCE,CF,CF311,48539,270.0,686.0,14:59:57.0,19350.0
2013,01,15,CZCE,CF,CF301,9693,568.0,6164.0,14:59:07.0,19690.0
2013,01,15,CZCE,CF,CF303,46669,766.0,5814.0,14:59:52.0,19860.0
2013,01,15,CZCE,CF,CF305,593148,98664.0,177478.0,14:59:59.0,19395.0
2013,01,15,CZCE,CF,CF307,86823,108.0,640.0,14:59:59.0,19310.0
2013,01,15,CZCE,CF,CF309,326551,22718.0,69352.0,14:59:59.0,19150.0
2013,01,15,CZCE,CF,CF311,68956,94.0,718.0,14:59:59.0,19350.0
2013,01,16,CZCE,CF,CF301,9957,1596.0,5756.0,14:58:56.0,19800.0
2013,01,16,CZCE,CF,CF303,30763,706.0,5300.0,14:59:56.0,19945.0
2013,01,16,CZCE,CF,CF305,546775,81740.0,184102.0,14:59:59.0,19540.0
2013,01,16,CZCE,CF,CF307,61452,36.0,626.0,14:59:59.0,19440.0
2013,01,16,CZCE,CF,CF309,301618,18132.0,70292.0,14:59:59.0,19245.0
2013,01,16,CZCE,CF,CF311,43175,208.0,646.0,14:59:59.0,19400.0
2013,01,17,CZCE,CF,CF301,3750,1152.0,5352.0,13:36:23.0,19400.0
2013,01,17,CZCE,CF,CF303,25302,1020.0,4460.0,14:59:52.0,19955.0
2013,01,17,CZCE,CF,CF305,430496,49564.0,178110.0,14:59:59.0,19550.0
2013,01,17,CZCE,CF,CF307,47069,10.0,622.0,14:59:59.0,19450.0
2013,01,17,CZCE,CF,CF309,224783,9418.0,69966.0,14:59:59.0,19250.0
2013,01,17,CZCE,CF,CF311,34798,72.0,690.0,14:59:58.0,19410.0
2013,01,18,CZCE,CF,CF303,20969,264.0,4352.0,14:59:53.0,19995.0
2013,01,18,CZCE,CF,CF305,418847,50846.0,177282.0,14:59:59.0,19600.0
2013,01,18,CZCE,CF,CF307,53969,8.0,614.0,14:59:59.0,19450.0
2013,01,18,CZCE,CF,CF309,258857,17220.0,70526.0,14:59:59.0,19255.0
2013,01,18,CZCE,CF,CF311,39528,2.0,688.0,14:59:59.0,19400.0
2013,01,18,CZCE,CF,CF401,27669,76.0,68.0,14:59:51.0,19395.0
2013,01,21,CZCE,CF,CF303,12796,58.0,4334.0,14:59:54.0,19950.0
2013,01,21,CZCE,CF,CF305,353023,41906.0,166436.0,14:59:59.0,19475.0
2013,01,21,CZCE,CF,CF307,38421,68.0,606.0,14:59:58.0,19465.0
2013,01,21,CZCE,CF,CF309,227477,18314.0,69936.0,14:59:59.0,19230.0
2013,01,21,CZCE,CF,CF311,21146,190.0,660.0,14:59:58.0,19370.0
2013,01,21,CZCE,CF,CF401,19609,454.0,456.0,14:59:54.0,19390.0
2013,01,22,CZCE,CF,CF303,28954,270.0,4322.0,14:59:52.0,19945.0
2013,01,22,CZCE,CF,CF305,291840,29330.0,166340.0,14:59:57.0,19505.0
2013,01,22,CZCE,CF,CF307,43826,20.0,608.0,14:59:57.0,19485.0
2013,01,22,CZCE,CF,CF309,186977,8848.0,70194.0,14:59:59.0,19265.0
2013,01,22,CZCE,CF,CF311,31837,76.0,658.0,14:59:54.0,19355.0
2013,01,22,CZCE,CF,CF401,23035,534.0,926.0,14:59:59.0,19370.0
2013,01,23,CZCE,CF,CF303,82882,1218.0,3638.0,14:59:59.0,20070.0
2013,01,23,CZCE,CF,CF305,803291,143910.0,167268.0,14:59:59.0,19720.0
2013,01,23,CZCE,CF,CF307,192423,474.0,546.0,14:59:59.0,19750.0
2013,01,23,CZCE,CF,CF309,618630,65444.0,75740.0,14:59:59.0,19580.0
2013,01,23,CZCE,CF,CF311,71544,314.0,658.0,14:59:58.0,19495.0
2013,01,23,CZCE,CF,CF401,79541,1876.0,2080.0,14:59:58.0,19435.0
2013,01,24,CZCE,CF,CF303,31094,144.0,3580.0,14:59:59.0,20090.0
2013,01,24,CZCE,CF,CF305,530660,69114.0,162720.0,14:59:59.0,19785.0
2013,01,24,CZCE,CF,CF307,165038,72.0,492.0,14:59:59.0,19705.0
2013,01,24,CZCE,CF,CF309,462989,45040.0,74358.0,14:59:59.0,19595.0
2013,01,24,CZCE,CF,CF311,56335,126.0,674.0,14:59:31.0,19460.0
2013,01,24,CZCE,CF,CF401,72780,1976.0,3664.0,14:59:59.0,19380.0
2013,01,25,CZCE,CF,CF303,38295,534.0,3546.0,14:59:53.0,20105.0
2013,01,25,CZCE,CF,CF305,527314,80308.0,156688.0,14:59:59.0,19870.0
2013,01,25,CZCE,CF,CF307,107807,64.0,472.0,14:59:59.0,19805.0
2013,01,25,CZCE,CF,CF309,482824,43284.0,75994.0,14:59:59.0,19705.0
2013,01,25,CZCE,CF,CF311,66638,156.0,752.0,14:59:56.0,19600.0
2013,01,25,CZCE,CF,CF401,101457,4418.0,5762.0,14:59:56.0,19520.0
2013,01,28,CZCE,CF,CF303,27529,18.0,3536.0,14:59:53.0,20135.0
2013,01,28,CZCE,CF,CF305,350506,32142.0,155006.0,14:59:59.0,19875.0
2013,01,28,CZCE,CF,CF307,57064,14.0,468.0,14:59:58.0,19810.0
2013,01,28,CZCE,CF,CF309,281584,21498.0,75848.0,14:59:58.0,19695.0
2013,01,28,CZCE,CF,CF311,39223,16.0,750.0,14:59:58.0,19655.0
2013,01,28,CZCE,CF,CF401,61527,2254.0,6548.0,14:59:57.0,19620.0
2013,01,29,CZCE,CF,CF303,106284,830.0,3408.0,14:59:55.0,20295.0
2013,01,29,CZCE,CF,CF305,979045,228410.0,151052.0,14:59:59.0,20385.0
2013,01,29,CZCE,CF,CF307,266929,198.0,484.0,14:59:59.0,20365.0
2013,01,29,CZCE,CF,CF309,1068837,326102.0,154494.0,14:59:59.0,20445.0
2013,01,29,CZCE,CF,CF311,193882,288.0,880.0,14:59:53.0,20185.0
2013,01,29,CZCE,CF,CF401,294899,10804.0,11378.0,14:59:58.0,20175.0
2013,01,30,CZCE,CF,CF303,32845,218.0,3436.0,14:59:58.0,20290.0
2013,01,30,CZCE,CF,CF305,659415,87444.0,129768.0,14:59:59.0,20360.0
2013,01,30,CZCE,CF,CF307,128253,30.0,480.0,14:59:57.0,20305.0
2013,01,30,CZCE,CF,CF309,1014510,298162.0,184420.0,14:59:59.0,20325.0
2013,01,30,CZCE,CF,CF311,118844,296.0,942.0,14:59:58.0,20125.0
2013,01,30,CZCE,CF,CF401,188007,7888.0,15052.0,14:59:56.0,20055.0
2013,01,31,CZCE,CF,CF303,54859,724.0,3490.0,14:59:59.0,20140.0
2013,01,31,CZCE,CF,CF305,500404,40858.0,124924.0,14:59:59.0,20320.0
2013,01,31,CZCE,CF,CF307,110246,20.0,478.0,14:59:59.0,20185.0
2013,01,31,CZCE,CF,CF309,824176,143930.0,192356.0,14:59:59.0,20275.0
2013,01,31,CZCE,CF,CF311,85176,174.0,942.0,14:59:59.0,20025.0
2013,01,31,CZCE,CF,CF401,133144,4508.0,15904.0,14:59:55.0,19995.0
2013,01,04,CZCE,ER,ER301,58345,0.0,2154.0,15:00:00.0,2594.0
2013,01,04,CZCE,ER,ER303,3918,2.0,20.0,14:59:43.0,2679.0
2013,01,04,CZCE,ER,ER305,156925,16342.0,61644.0,14:59:59.0,2706.0
2013,01,07,CZCE,ER,ER301,29588,0.0,2154.0,15:00:00.0,2597.0
2013,01,07,CZCE,ER,ER303,4671,42.0,18.0,14:59:59.0,2674.0
2013,01,07,CZCE,ER,ER305,167133,17992.0,62088.0,14:59:58.0,2718.0
2013,01,08,CZCE,ER,ER301,19914,0.0,2154.0,15:00:00.0,2597.0
2013,01,08,CZCE,ER,ER303,7269,4.0,18.0,14:54:24.0,2667.0
2013,01,08,CZCE,ER,ER305,143202,14864.0,67220.0,14:59:54.0,2721.0
2013,01,09,CZCE,ER,ER301,58118,0.0,2154.0,15:00:00.0,2600.0
2013,01,09,CZCE,ER,ER303,5973,0.0,18.0,15:00:00.0,2667.0
2013,01,09,CZCE,ER,ER305,135443,17732.0,68032.0,14:59:59.0,2701.0
2013,01,10,CZCE,ER,ER301,39577,0.0,2154.0,15:00:00.0,2593.0
2013,01,10,CZCE,ER,ER303,5487,0.0,18.0,15:00:00.0,2665.0
2013,01,10,CZCE,ER,ER305,213786,23618.0,70876.0,14:59:58.0,2708.0
2013,01,11,CZCE,ER,ER301,195,0.0,2154.0,15:00:00.0,2593.0
2013,01,11,CZCE,ER,ER303,3813,0.0,18.0,15:00:00.0,2665.0
2013,01,11,CZCE,ER,ER305,120426,6638.0,72040.0,14:59:59.0,2707.0
2013,01,14,CZCE,ER,ER301,80947,0.0,2154.0,15:00:00.0,2593.0
2013,01,14,CZCE,ER,ER303,4353,6.0,16.0,14:59:18.0,2642.0
2013,01,14,CZCE,ER,ER305,261409,38618.0,73138.0,14:59:58.0,2687.0
2013,01,15,CZCE,ER,ER301,75092,0.0,2154.0,15:00:00.0,2578.0
2013,01,15,CZCE,ER,ER303,9156,6.0,16.0,14:59:44.0,2629.0
2013,01,15,CZCE,ER,ER305,304339,38168.0,75368.0,14:59:59.0,2683.0
2013,01,16,CZCE,ER,ER301,28735,0.0,2154.0,15:00:00.0,2573.0
2013,01,16,CZCE,ER,ER303,4569,2.0,14.0,14:59:57.0,2629.0
2013,01,16,CZCE,ER,ER305,196076,19086.0,75354.0,14:59:59.0,2685.0
2013,01,17,CZCE,ER,ER301,39155,20.0,2154.0,14:59:59.0,2551.0
2013,01,17,CZCE,ER,ER303,4728,0.0,14.0,15:00:00.0,2629.0
2013,01,17,CZCE,ER,ER305,153537,11468.0,75978.0,14:59:59.0,2682.0
2013,01,18,CZCE,ER,ER301,305,10.0,2154.0,14:57:10.0,2614.0
2013,01,18,CZCE,ER,ER303,10464,40.0,18.0,14:59:43.0,2686.0
2013,01,18,CZCE,ER,ER305,256428,41628.0,74232.0,14:59:59.0,2715.0
2013,01,21,CZCE,ER,ER301,24165,0.0,2154.0,15:00:00.0,2614.0
2013,01,21,CZCE,ER,ER303,16982,40.0,18.0,14:59:59.0,2667.0
2013,01,21,CZCE,ER,ER305,161142,16502.0,78464.0,14:59:59.0,2704.0
2013,01,22,CZCE,ER,ER301,9456,0.0,2154.0,15:00:00.0,2614.0
2013,01,22,CZCE,ER,ER303,8511,0.0,18.0,15:00:00.0,2667.0
2013,01,22,CZCE,ER,ER305,119132,9820.0,79932.0,14:59:59.0,2706.0
2013,01,23,CZCE,ER,ER301,312,0.0,2154.0,15:00:00.0,2614.0
2013,01,23,CZCE,ER,ER303,11856,2.0,20.0,14:59:19.0,2687.0
2013,01,23,CZCE,ER,ER305,139437,13418.0,82052.0,14:59:59.0,2714.0
2013,01,24,CZCE,ER,ER303,14235,0.0,20.0,15:00:00.0,2687.0
2013,01,24,CZCE,ER,ER305,176593,29326.0,80768.0,14:59:59.0,2703.0
2013,01,25,CZCE,ER,ER303,9267,0.0,20.0,15:00:00.0,2687.0
2013,01,25,CZCE,ER,ER305,77460,4276.0,80272.0,14:59:59.0,2702.0
2013,01,28,CZCE,ER,ER303,13949,4.0,20.0,14:59:56.0,2660.0
2013,01,28,CZCE,ER,ER305,107024,7540.0,80184.0,14:59:56.0,2702.0
2013,01,29,CZCE,ER,ER303,20816,2.0,20.0,14:59:59.0,2652.0
2013,01,29,CZCE,ER,ER305,113299,16508.0,73964.0,14:59:59.0,2690.0
2013,01,30,CZCE,ER,ER303,25469,8.0,20.0,14:59:38.0,2681.0
2013,01,30,CZCE,ER,ER305,286256,48594.0,60940.0,14:59:59.0,2727.0
2013,01,31,CZCE,ER,ER303,32433,2.0,20.0,14:59:54.0,2683.0
2013,01,31,CZCE,ER,ER305,251777,27104.0,55400.0,14:59:57.0,2727.0
2013,01,04,CZCE,FG,FG303,65218,554.0,264.0,14:59:59.0,1422.0
2013,01,04,CZCE,FG,FG304,41198,26.0,34.0,14:59:59.0,1422.0
2013,01,04,CZCE,FG,FG305,1120631,1001748.0,241454.0,14:59:59.0,1425.0
2013,01,04,CZCE,FG,FG306,109632,388.0,788.0,14:59:57.0,1473.0
2013,01,04,CZCE,FG,FG307,101951,36.0,108.0,14:59:57.0,1480.0
2013,01,04,CZCE,FG,FG308,75488,84.0,212.0,14:59:20.0,1487.0
2013,01,04,CZCE,FG,FG309,903852,211004.0,71434.0,14:59:59.0,1486.0
2013,01,04,CZCE,FG,FG310,71435,148.0,112.0,14:59:57.0,1485.0
2013,01,04,CZCE,FG,FG311,75106,70.0,224.0,14:59:57.0,1487.0
2013,01,04,CZCE,FG,FG312,67782,24.0,44.0,14:59:28.0,1494.0
2013,01,07,CZCE,FG,FG303,72451,394.0,154.0,14:59:59.0,1421.0
2013,01,07,CZCE,FG,FG304,69901,68.0,48.0,14:59:59.0,1452.0
2013,01,07,CZCE,FG,FG305,1516160,1558552.0,217758.0,14:59:59.0,1445.0
2013,01,07,CZCE,FG,FG306,162330,308.0,784.0,14:59:59.0,1485.0
2013,01,07,CZCE,FG,FG307,158999,18.0,108.0,14:59:59.0,1505.0
2013,01,07,CZCE,FG,FG308,143656,266.0,104.0,14:59:59.0,1512.0
2013,01,07,CZCE,FG,FG309,897752,188356.0,62314.0,14:59:59.0,1498.0
2013,01,07,CZCE,FG,FG310,121749,28.0,126.0,14:59:59.0,1516.0
2013,01,07,CZCE,FG,FG311,126816,72.0,230.0,14:59:59.0,1515.0
2013,01,07,CZCE,FG,FG312,107156,20.0,42.0,14:59:59.0,1516.0
2013,01,08,CZCE,FG,FG303,84630,240.0,136.0,14:59:59.0,1431.0
2013,01,08,CZCE,FG,FG304,78410,130.0,64.0,14:59:59.0,1457.0
2013,01,08,CZCE,FG,FG305,1561586,2761400.0,306490.0,14:59:59.0,1457.0
2013,01,08,CZCE,FG,FG306,199423,1092.0,1486.0,14:59:59.0,1500.0
2013,01,08,CZCE,FG,FG307,155498,90.0,130.0,14:59:59.0,1505.0
2013,01,08,CZCE,FG,FG308,125250,60.0,102.0,14:59:59.0,1511.0
2013,01,08,CZCE,FG,FG309,1106620,309656.0,80382.0,14:59:59.0,1517.0
2013,01,08,CZCE,FG,FG310,115397,60.0,128.0,14:59:59.0,1517.0
2013,01,08,CZCE,FG,FG311,117661,46.0,238.0,14:59:59.0,1517.0
2013,01,08,CZCE,FG,FG312,107039,48.0,50.0,14:59:59.0,1513.0
2013,01,09,CZCE,FG,FG303,47868,98.0,172.0,14:59:59.0,1445.0
2013,01,09,CZCE,FG,FG304,46680,50.0,86.0,14:59:59.0,1449.0
2013,01,09,CZCE,FG,FG305,1574254,2100312.0,444362.0,14:59:59.0,1476.0
2013,01,09,CZCE,FG,FG306,191563,438.0,1564.0,14:59:59.0,1508.0
2013,01,09,CZCE,FG,FG307,133991,24.0,130.0,14:59:59.0,1515.0
2013,01,09,CZCE,FG,FG308,102887,38.0,98.0,14:59:59.0,1511.0
2013,01,09,CZCE,FG,FG309,908907,171688.0,83682.0,14:59:59.0,1524.0
2013,01,09,CZCE,FG,FG310,103711,20.0,140.0,14:59:59.0,1509.0
2013,01,09,CZCE,FG,FG311,103602,72.0,236.0,14:59:59.0,1510.0
2013,01,09,CZCE,FG,FG312,99164,38.0,40.0,14:59:59.0,1518.0
2013,01,10,CZCE,FG,FG303,42096,276.0,256.0,14:59:59.0,1431.0
2013,01,10,CZCE,FG,FG304,42329,126.0,78.0,14:59:59.0,1453.0
2013,01,10,CZCE,FG,FG305,1614107,2311352.0,376812.0,14:59:59.0,1463.0
2013,01,10,CZCE,FG,FG306,124562,290.0,1526.0,14:59:59.0,1496.0
2013,01,10,CZCE,FG,FG307,105976,94.0,110.0,14:59:59.0,1505.0
2013,01,10,CZCE,FG,FG308,89027,46.0,94.0,14:59:59.0,1506.0
2013,01,10,CZCE,FG,FG309,1014811,245006.0,77560.0,14:59:59.0,1513.0
2013,01,10,CZCE,FG,FG310,86887,14.0,142.0,14:59:59.0,1505.0
2013,01,10,CZCE,FG,FG311,94396,98.0,216.0,14:59:59.0,1517.0
2013,01,10,CZCE,FG,FG312,80751,40.0,48.0,14:59:59.0,1511.0
2013,01,11,CZCE,FG,FG303,33450,150.0,230.0,14:59:59.0,1409.0
2013,01,11,CZCE,FG,FG304,33558,104.0,50.0,14:59:59.0,1426.0
2013,01,11,CZCE,FG,FG305,1601484,1916270.0,311804.0,14:59:59.0,1439.0
2013,01,11,CZCE,FG,FG306,136374,340.0,1440.0,14:59:59.0,1474.0
2013,01,11,CZCE,FG,FG307,113479,98.0,52.0,14:59:59.0,1479.0
2013,01,11,CZCE,FG,FG308,88186,26.0,96.0,14:59:58.0,1479.0
2013,01,11,CZCE,FG,FG309,941967,158776.0,62018.0,14:59:59.0,1487.0
2013,01,11,CZCE,FG,FG310,89459,82.0,118.0,14:59:58.0,1487.0
2013,01,11,CZCE,FG,FG311,89794,124.0,142.0,14:59:58.0,1493.0
2013,01,11,CZCE,FG,FG312,80459,20.0,48.0,14:59:58.0,1486.0
2013,01,14,CZCE,FG,FG303,39875,280.0,320.0,14:59:50.0,1477.0
2013,01,14,CZCE,FG,FG304,36262,88.0,82.0,14:49:28.0,1496.0
2013,01,14,CZCE,FG,FG305,1212788,1878770.0,508076.0,14:59:59.0,1502.0
2013,01,14,CZCE,FG,FG306,101731,318.0,1496.0,14:58:33.0,1539.0
2013,01,14,CZCE,FG,FG307,78312,66.0,70.0,14:59:57.0,1540.0
2013,01,14,CZCE,FG,FG308,62755,26.0,108.0,14:59:57.0,1541.0
2013,01,14,CZCE,FG,FG309,709291,180932.0,83072.0,14:59:58.0,1555.0
2013,01,14,CZCE,FG,FG310,74146,40.0,146.0,14:59:57.0,1548.0
2013,01,14,CZCE,FG,FG311,79857,114.0,172.0,14:58:23.0,1553.0
2013,01,14,CZCE,FG,FG312,76411,274.0,212.0,14:59:50.0,1562.0
2013,01,15,CZCE,FG,FG303,62810,136.0,290.0,14:59:59.0,1469.0
2013,01,15,CZCE,FG,FG304,61132,152.0,62.0,14:59:59.0,1476.0
2013,01,15,CZCE,FG,FG305,1576314,3006350.0,387356.0,14:59:59.0,1497.0
2013,01,15,CZCE,FG,FG306,244013,732.0,1674.0,14:59:59.0,1533.0
2013,01,15,CZCE,FG,FG307,166341,38.0,64.0,14:59:59.0,1541.0
2013,01,15,CZCE,FG,FG308,150168,58.0,96.0,14:59:59.0,1546.0
2013,01,15,CZCE,FG,FG309,1002463,247292.0,79288.0,14:59:59.0,1548.0
2013,01,15,CZCE,FG,FG310,154457,182.0,180.0,14:59:59.0,1545.0
2013,01,15,CZCE,FG,FG311,152467,198.0,174.0,14:59:59.0,1544.0
2013,01,15,CZCE,FG,FG312,141069,206.0,252.0,14:59:39.0,1542.0
2013,01,16,CZCE,FG,FG303,83656,304.0,288.0,14:59:59.0,1459.0
2013,01,16,CZCE,FG,FG304,72055,78.0,80.0,14:59:59.0,1477.0
2013,01,16,CZCE,FG,FG305,1605334,4239926.0,473158.0,14:59:59.0,1500.0
2013,01,16,CZCE,FG,FG306,218780,1762.0,2516.0,14:59:59.0,1542.0
2013,01,16,CZCE,FG,FG307,181871,118.0,130.0,14:59:59.0,1550.0
2013,01,16,CZCE,FG,FG308,149269,30.0,100.0,14:59:59.0,1562.0
2013,01,16,CZCE,FG,FG309,1162067,551412.0,152248.0,14:59:59.0,1569.0
2013,01,16,CZCE,FG,FG310,149240,128.0,140.0,14:59:59.0,1565.0
2013,01,16,CZCE,FG,FG311,151272,114.0,134.0,14:59:59.0,1567.0
2013,01,16,CZCE,FG,FG312,156712,394.0,372.0,14:59:59.0,1565.0
2013,01,17,CZCE,FG,FG303,66455,238.0,314.0,14:59:59.0,1458.0
2013,01,17,CZCE,FG,FG304,56405,160.0,84.0,14:59:59.0,1474.0
2013,01,17,CZCE,FG,FG305,1603673,3961892.0,538936.0,14:59:59.0,1506.0
2013,01,17,CZCE,FG,FG306,171949,1354.0,2544.0,14:59:59.0,1526.0
2013,01,17,CZCE,FG,FG307,140666,84.0,96.0,14:59:59.0,1537.0
2013,01,17,CZCE,FG,FG308,101498,24.0,106.0,14:59:59.0,1552.0
2013,01,17,CZCE,FG,FG309,1275475,589282.0,144366.0,14:59:59.0,1562.0
2013,01,17,CZCE,FG,FG310,95787,2.0,140.0,14:59:59.0,1548.0
2013,01,17,CZCE,FG,FG311,95923,72.0,120.0,14:59:59.0,1557.0
2013,01,17,CZCE,FG,FG312,106759,198.0,388.0,14:59:59.0,1563.0
2013,01,18,CZCE,FG,FG303,54525,66.0,306.0,14:59:59.0,1456.0
2013,01,18,CZCE,FG,FG304,51296,44.0,84.0,14:59:59.0,1472.0
2013,01,18,CZCE,FG,FG305,1613958,3867610.0,431672.0,14:59:59.0,1496.0
2013,01,18,CZCE,FG,FG306,130005,334.0,2566.0,14:59:59.0,1523.0
2013,01,18,CZCE,FG,FG307,119511,106.0,134.0,14:59:59.0,1537.0
2013,01,18,CZCE,FG,FG308,107621,42.0,122.0,14:59:59.0,1550.0
2013,01,18,CZCE,FG,FG309,1314437,758578.0,189664.0,14:59:59.0,1567.0
2013,01,18,CZCE,FG,FG310,99794,60.0,140.0,14:59:59.0,1564.0
2013,01,18,CZCE,FG,FG311,98340,98.0,124.0,14:59:59.0,1562.0
2013,01,18,CZCE,FG,FG312,108587,284.0,378.0,14:59:59.0,1573.0
2013,01,18,CZCE,FG,FG401,93311,216.0,128.0,14:59:59.0,1582.0
2013,01,21,CZCE,FG,FG303,45729,202.0,324.0,14:59:59.0,1464.0
2013,01,21,CZCE,FG,FG304,44538,80.0,72.0,14:59:59.0,1478.0
2013,01,21,CZCE,FG,FG305,1597355,3225458.0,478024.0,14:59:59.0,1501.0
2013,01,21,CZCE,FG,FG306,102386,304.0,2504.0,14:59:59.0,1524.0
2013,01,21,CZCE,FG,FG307,105942,270.0,210.0,14:59:59.0,1540.0
2013,01,21,CZCE,FG,FG308,105653,16.0,120.0,14:59:59.0,1576.0
2013,01,21,CZCE,FG,FG309,1249985,604678.0,207518.0,14:59:59.0,1573.0
2013,01,21,CZCE,FG,FG310,96511,22.0,140.0,14:59:59.0,1585.0
2013,01,21,CZCE,FG,FG311,97496,66.0,136.0,14:59:59.0,1567.0
2013,01,21,CZCE,FG,FG312,101597,176.0,378.0,14:59:59.0,1578.0
2013,01,21,CZCE,FG,FG401,109056,392.0,412.0,14:59:59.0,1590.0
2013,01,22,CZCE,FG,FG303,46143,220.0,456.0,14:59:59.0,1445.0
2013,01,22,CZCE,FG,FG304,42976,24.0,68.0,14:59:59.0,1471.0
2013,01,22,CZCE,FG,FG305,1590303,3070314.0,401292.0,14:59:59.0,1490.0
2013,01,22,CZCE,FG,FG306,110267,626.0,2736.0,14:59:59.0,1515.0
2013,01,22,CZCE,FG,FG307,96333,260.0,148.0,14:59:59.0,1538.0
2013,01,22,CZCE,FG,FG308,68919,52.0,114.0,14:59:59.0,1554.0
2013,01,22,CZCE,FG,FG309,1438139,1087784.0,228268.0,14:59:59.0,1570.0
2013,01,22,CZCE,FG,FG310,62221,98.0,152.0,14:59:59.0,1566.0
2013,01,22,CZCE,FG,FG311,77546,160.0,158.0,14:59:59.0,1570.0
2013,01,22,CZCE,FG,FG312,69799,298.0,460.0,14:59:59.0,1581.0
2013,01,22,CZCE,FG,FG401,94471,912.0,852.0,14:59:59.0,1604.0
2013,01,23,CZCE,FG,FG303,49456,1076.0,484.0,14:59:59.0,1457.0
2013,01,23,CZCE,FG,FG304,28919,60.0,58.0,14:59:59.0,1462.0
2013,01,23,CZCE,FG,FG305,1585921,2053414.0,401822.0,14:59:59.0,1481.0
2013,01,23,CZCE,FG,FG306,81538,782.0,2414.0,14:59:59.0,1509.0
2013,01,23,CZCE,FG,FG307,67826,56.0,126.0,14:59:59.0,1523.0
2013,01,23,CZCE,FG,FG308,49156,20.0,108.0,14:59:59.0,1535.0
2013,01,23,CZCE,FG,FG309,1458747,1001140.0,202294.0,14:59:59.0,1556.0
2013,01,23,CZCE,FG,FG310,50494,178.0,158.0,14:59:59.0,1558.0
2013,01,23,CZCE,FG,FG311,55255,98.0,114.0,14:59:59.0,1558.0
2013,01,23,CZCE,FG,FG312,54851,164.0,424.0,14:59:59.0,1583.0
2013,01,23,CZCE,FG,FG401,57421,426.0,798.0,14:59:56.0,1596.0
2013,01,24,CZCE,FG,FG303,35518,34.0,468.0,14:59:59.0,1444.0
2013,01,24,CZCE,FG,FG304,32433,8.0,56.0,14:59:59.0,1447.0
2013,01,24,CZCE,FG,FG305,1575448,2346462.0,367110.0,14:59:59.0,1467.0
2013,01,24,CZCE,FG,FG306,91239,744.0,2348.0,14:59:59.0,1487.0
2013,01,24,CZCE,FG,FG307,78395,98.0,102.0,14:59:59.0,1513.0
2013,01,24,CZCE,FG,FG308,53126,20.0,108.0,14:59:59.0,1521.0
2013,01,24,CZCE,FG,FG309,1488969,1463668.0,194896.0,14:59:59.0,1543.0
2013,01,24,CZCE,FG,FG310,54644,344.0,120.0,14:59:59.0,1530.0
2013,01,24,CZCE,FG,FG311,58591,106.0,120.0,14:59:59.0,1540.0
2013,01,24,CZCE,FG,FG312,64897,344.0,266.0,14:59:59.0,1563.0
2013,01,24,CZCE,FG,FG401,70813,594.0,584.0,14:59:59.0,1577.0
2013,01,25,CZCE,FG,FG303,23631,28.0,444.0,14:59:59.0,1440.0
2013,01,25,CZCE,FG,FG304,24399,30.0,56.0,14:59:59.0,1452.0
2013,01,25,CZCE,FG,FG305,1512973,1305300.0,315722.0,14:59:59.0,1469.0
2013,01,25,CZCE,FG,FG306,69318,290.0,2334.0,14:59:59.0,1490.0
2013,01,25,CZCE,FG,FG307,59629,46.0,100.0,14:59:59.0,1512.0
2013,01,25,CZCE,FG,FG308,41745,30.0,122.0,14:59:59.0,1525.0
2013,01,25,CZCE,FG,FG309,1481121,1475254.0,194090.0,14:59:59.0,1546.0
2013,01,25,CZCE,FG,FG310,37497,20.0,120.0,14:59:59.0,1549.0
2013,01,25,CZCE,FG,FG311,43855,48.0,126.0,14:59:59.0,1549.0
2013,01,25,CZCE,FG,FG312,55392,144.0,244.0,14:59:59.0,1565.0
2013,01,25,CZCE,FG,FG401,55735,254.0,606.0,14:59:59.0,1579.0
2013,01,28,CZCE,FG,FG303,32826,60.0,448.0,14:59:59.0,1460.0
2013,01,28,CZCE,FG,FG304,20604,14.0,56.0,14:59:59.0,1468.0
2013,01,28,CZCE,FG,FG305,1523472,1274788.0,341564.0,14:59:59.0,1491.0
2013,01,28,CZCE,FG,FG306,71690,278.0,2388.0,14:59:59.0,1517.0
2013,01,28,CZCE,FG,FG307,61662,38.0,122.0,14:59:59.0,1541.0
2013,01,28,CZCE,FG,FG308,47209,38.0,118.0,14:59:59.0,1552.0
2013,01,28,CZCE,FG,FG309,1535856,1761374.0,321274.0,14:59:59.0,1576.0
2013,01,28,CZCE,FG,FG310,48008,310.0,170.0,14:59:59.0,1577.0
2013,01,28,CZCE,FG,FG311,49340,132.0,150.0,14:59:59.0,1575.0
2013,01,28,CZCE,FG,FG312,44383,180.0,246.0,14:59:59.0,1580.0
2013,01,28,CZCE,FG,FG401,77683,1286.0,1536.0,14:59:59.0,1599.0
2013,01,29,CZCE,FG,FG303,16535,138.0,440.0,14:59:59.0,1459.0
2013,01,29,CZCE,FG,FG304,15317,16.0,46.0,14:59:59.0,1475.0
2013,01,29,CZCE,FG,FG305,1300009,436820.0,299958.0,14:59:59.0,1488.0
2013,01,29,CZCE,FG,FG306,45026,240.0,2454.0,14:59:59.0,1520.0
2013,01,29,CZCE,FG,FG307,36430,14.0,120.0,14:59:59.0,1541.0
2013,01,29,CZCE,FG,FG308,23887,14.0,116.0,14:59:59.0,1555.0
2013,01,29,CZCE,FG,FG309,1476421,1219048.0,355866.0,14:59:59.0,1581.0
2013,01,29,CZCE,FG,FG310,23749,40.0,170.0,14:59:59.0,1583.0
2013,01,29,CZCE,FG,FG311,29949,14.0,148.0,14:59:59.0,1579.0
2013,01,29,CZCE,FG,FG312,31203,52.0,254.0,14:59:59.0,1584.0
2013,01,29,CZCE,FG,FG401,42668,566.0,1794.0,14:59:59.0,1601.0
2013,01,30,CZCE,FG,FG303,17565,36.0,452.0,14:59:59.0,1455.0
2013,01,30,CZCE,FG,FG304,18540,14.0,50.0,14:59:59.0,1459.0
2013,01,30,CZCE,FG,FG305,1193111,439124.0,244474.0,14:59:59.0,1475.0
2013,01,30,CZCE,FG,FG306,43253,728.0,3048.0,14:59:59.0,1518.0
2013,01,30,CZCE,FG,FG307,34604,40.0,128.0,14:59:59.0,1540.0
2013,01,30,CZCE,FG,FG308,23831,36.0,116.0,14:59:59.0,1561.0
2013,01,30,CZCE,FG,FG309,1499294,1240592.0,390976.0,14:59:59.0,1579.0
2013,01,30,CZCE,FG,FG310,24285,62.0,198.0,14:59:59.0,1581.0
2013,01,30,CZCE,FG,FG311,27360,68.0,162.0,14:59:59.0,1583.0
2013,01,30,CZCE,FG,FG312,34902,96.0,288.0,14:59:39.0,1594.0
2013,01,30,CZCE,FG,FG401,61574,1472.0,2604.0,14:59:59.0,1615.0
2013,01,31,CZCE,FG,FG303,35446,58.0,440.0,14:59:59.0,1439.0
2013,01,31,CZCE,FG,FG304,28875,26.0,50.0,14:59:59.0,1456.0
2013,01,31,CZCE,FG,FG305,1341368,642844.0,219354.0,14:59:59.0,1474.0
2013,01,31,CZCE,FG,FG306,73909,1984.0,4410.0,14:59:59.0,1527.0
2013,01,31,CZCE,FG,FG307,52486,84.0,122.0,14:59:59.0,1547.0
2013,01,31,CZCE,FG,FG308,36804,140.0,146.0,14:59:59.0,1566.0
2013,01,31,CZCE,FG,FG309,1582977,2457828.0,457056.0,14:59:59.0,1585.0
2013,01,31,CZCE,FG,FG310,37404,92.0,146.0,14:59:59.0,1584.0
2013,01,31,CZCE,FG,FG311,48849,102.0,140.0,14:59:59.0,1588.0
2013,01,31,CZCE,FG,FG312,59972,218.0,356.0,14:59:42.0,1603.0
2013,01,31,CZCE,FG,FG401,122329,3598.0,3902.0,14:59:56.0,1626.0
2013,01,04,CZCE,ME,ME301,1146,8.0,2564.0,14:33:50.0,2790.0
2013,01,04,CZCE,ME,ME302,38517,0.0,2.0,15:00:00.0,2738.0
2013,01,04,CZCE,ME,ME303,7077,0.0,0.0,15:00:00.0,2770.0
2013,01,04,CZCE,ME,ME304,18398,0.0,0.0,14:59:20.0,2749.0
2013,01,04,CZCE,ME,ME305,582167,46794.0,16670.0,14:59:59.0,2819.0
2013,01,04,CZCE,ME,ME306,33897,0.0,2.0,15:00:00.0,2739.0
2013,01,04,CZCE,ME,ME307,1391,0.0,0.0,15:00:00.0,2750.0
2013,01,04,CZCE,ME,ME308,90257,2.0,0.0,14:59:45.0,2830.0
2013,01,04,CZCE,ME,ME309,158620,288.0,164.0,14:59:59.0,2855.0
2013,01,04,CZCE,ME,ME310,16131,0.0,0.0,15:00:00.0,2773.0
2013,01,04,CZCE,ME,ME311,12019,0.0,2.0,15:00:00.0,2725.0
2013,01,04,CZCE,ME,ME312,11736,16.0,12.0,14:59:31.0,2819.0
2013,01,07,CZCE,ME,ME301,1531,50.0,2548.0,14:53:37.0,2761.0
2013,01,07,CZCE,ME,ME302,6964,0.0,2.0,15:00:00.0,2746.0
2013,01,07,CZCE,ME,ME303,187,0.0,0.0,15:00:00.0,2770.0
2013,01,07,CZCE,ME,ME304,861,0.0,0.0,14:59:22.0,2757.0
2013,01,07,CZCE,ME,ME305,379546,21788.0,16924.0,14:59:59.0,2826.0
2013,01,07,CZCE,ME,ME306,12287,0.0,2.0,15:00:00.0,2750.0
2013,01,07,CZCE,ME,ME307,87,0,0,0,0
2013,01,07,CZCE,ME,ME308,40935,0.0,0.0,14:59:46.0,2830.0
2013,01,07,CZCE,ME,ME309,74368,82.0,160.0,14:59:57.0,2855.0
2013,01,07,CZCE,ME,ME310,12435,0.0,0.0,14:59:22.0,2773.0
2013,01,07,CZCE,ME,ME311,12883,0.0,2.0,15:00:00.0,2799.0
2013,01,07,CZCE,ME,ME312,1782,0.0,12.0,15:00:00.0,2819.0
2013,01,08,CZCE,ME,ME301,3284,106.0,2528.0,14:59:21.0,2769.0
2013,01,08,CZCE,ME,ME302,41564,0.0,2.0,15:00:00.0,2752.0
2013,01,08,CZCE,ME,ME303,187,0.0,0.0,15:00:00.0,2776.0
2013,01,08,CZCE,ME,ME304,1049,0.0,0.0,15:00:00.0,2763.0
2013,01,08,CZCE,ME,ME305,492040,41610.0,18862.0,14:59:59.0,2830.0
2013,01,08,CZCE,ME,ME306,15525,0.0,2.0,15:00:00.0,2778.0
2013,01,08,CZCE,ME,ME307,814,0.0,0.0,14:59:21.0,2847.0
2013,01,08,CZCE,ME,ME308,48396,0.0,0.0,15:00:00.0,2858.0
2013,01,08,CZCE,ME,ME309,111713,134.0,160.0,14:59:58.0,2875.0
2013,01,08,CZCE,ME,ME310,12564,0.0,0.0,15:00:00.0,2806.0
2013,01,08,CZCE,ME,ME311,1827,0.0,2.0,15:00:00.0,2833.0
2013,01,08,CZCE,ME,ME312,864,0.0,12.0,15:00:00.0,2789.0
2013,01,09,CZCE,ME,ME301,2107,32.0,2008.0,14:54:13.0,2755.0
2013,01,09,CZCE,ME,ME302,4046,0.0,2.0,15:00:00.0,2757.0
2013,01,09,CZCE,ME,ME303,496,0.0,0.0,15:00:00.0,2781.0
2013,01,09,CZCE,ME,ME304,1332,0.0,0.0,15:00:00.0,2768.0
2013,01,09,CZCE,ME,ME305,289268,13488.0,18244.0,14:59:58.0,2811.0
2013,01,09,CZCE,ME,ME306,18308,2.0,2.0,14:59:35.0,2837.0
2013,01,09,CZCE,ME,ME307,4050,0.0,0.0,14:59:21.0,2870.0
2013,01,09,CZCE,ME,ME308,50683,0.0,0.0,15:00:00.0,2858.0
2013,01,09,CZCE,ME,ME309,59821,52.0,154.0,14:59:52.0,2857.0
2013,01,09,CZCE,ME,ME310,6270,0.0,0.0,15:00:00.0,2835.0
2013,01,09,CZCE,ME,ME311,1294,0.0,2.0,15:00:00.0,2863.0
2013,01,09,CZCE,ME,ME312,2622,0.0,12.0,15:00:00.0,2831.0
2013,01,10,CZCE,ME,ME301,1104,18.0,1808.0,14:33:18.0,2756.0
2013,01,10,CZCE,ME,ME302,1087,0.0,2.0,15:00:00.0,2734.0
2013,01,10,CZCE,ME,ME303,187,0.0,0.0,15:00:00.0,2758.0
2013,01,10,CZCE,ME,ME304,737,0.0,0.0,15:00:00.0,2745.0
2013,01,10,CZCE,ME,ME305,318994,16798.0,18314.0,14:59:58.0,2826.0
2013,01,10,CZCE,ME,ME306,10210,0.0,2.0,15:00:00.0,2837.0
2013,01,10,CZCE,ME,ME307,87,0,0,0,0
2013,01,10,CZCE,ME,ME308,40048,0.0,0.0,15:00:00.0,2882.0
2013,01,10,CZCE,ME,ME309,58227,74.0,154.0,14:59:58.0,2868.0
2013,01,10,CZCE,ME,ME310,7592,0.0,0.0,15:00:00.0,2804.0
2013,01,10,CZCE,ME,ME311,8496,0.0,2.0,15:00:00.0,2831.0
2013,01,10,CZCE,ME,ME312,2784,0.0,12.0,15:00:00.0,2832.0
2013,01,11,CZCE,ME,ME301,1451,18.0,1808.0,14:49:15.0,2735.0
2013,01,11,CZCE,ME,ME302,687,0.0,2.0,15:00:00.0,2718.0
2013,01,11,CZCE,ME,ME303,187,0.0,0.0,15:00:00.0,2742.0
2013,01,11,CZCE,ME,ME304,1152,0.0,0.0,14:59:22.0,2729.0
2013,01,11,CZCE,ME,ME305,333156,17196.0,15976.0,14:59:59.0,2795.0
2013,01,11,CZCE,ME,ME306,6659,0.0,2.0,15:00:00.0,2837.0
2013,01,11,CZCE,ME,ME307,10728,0.0,0.0,14:59:21.0,2908.0
2013,01,11,CZCE,ME,ME308,46929,0.0,0.0,14:59:23.0,2896.0
2013,01,11,CZCE,ME,ME309,77423,78.0,130.0,14:58:20.0,2831.0
2013,01,11,CZCE,ME,ME310,1459,0.0,0.0,14:59:22.0,2820.0
2013,01,11,CZCE,ME,ME311,3352,0.0,2.0,15:00:00.0,2847.0
2013,01,11,CZCE,ME,ME312,2508,0.0,12.0,15:00:00.0,2835.0
2013,01,14,CZCE,ME,ME301,1021,84.0,1800.0,14:59:05.0,2650.0
2013,01,14,CZCE,ME,ME302,587,0.0,2.0,15:00:00.0,2704.0
2013,01,14,CZCE,ME,ME303,493,0.0,0.0,15:00:00.0,2728.0
2013,01,14,CZCE,ME,ME304,687,0.0,0.0,15:00:00.0,2715.0
2013,01,14,CZCE,ME,ME305,382780,21322.0,15846.0,14:59:58.0,2808.0
2013,01,14,CZCE,ME,ME306,3476,0.0,2.0,15:00:00.0,2831.0
2013,01,14,CZCE,ME,ME307,399,0.0,0.0,14:59:22.0,2884.0
2013,01,14,CZCE,ME,ME308,38561,0.0,0.0,14:59:23.0,2872.0
2013,01,14,CZCE,ME,ME309,78471,76.0,126.0,14:59:58.0,2847.0
2013,01,14,CZCE,ME,ME310,11461,0.0,0.0,15:00:00.0,2792.0
2013,01,14,CZCE,ME,ME311,8281,0.0,2.0,15:00:00.0,2818.0
2013,01,14,CZCE,ME,ME312,17241,2.0,12.0,14:59:47.0,2824.0
2013,01,15,CZCE,ME,ME301,1537,176.0,1768.0,14:28:55.0,2730.0
2013,01,15,CZCE,ME,ME302,337,0.0,2.0,15:00:00.0,2659.0
2013,01,15,CZCE,ME,ME303,187,0.0,0.0,15:00:00.0,2683.0
2013,01,15,CZCE,ME,ME304,837,0.0,0.0,15:00:00.0,2670.0
2013,01,15,CZCE,ME,ME305,282743,12486.0,14730.0,14:59:59.0,2794.0
2013,01,15,CZCE,ME,ME306,5808,0.0,2.0,15:00:00.0,2831.0
2013,01,15,CZCE,ME,ME307,1194,0.0,0.0,14:59:22.0,2886.0
2013,01,15,CZCE,ME,ME308,11564,0.0,0.0,14:59:25.0,2874.0
2013,01,15,CZCE,ME,ME309,57324,30.0,112.0,14:59:59.0,2838.0
2013,01,15,CZCE,ME,ME310,2719,0.0,0.0,15:00:00.0,2790.0
2013,01,15,CZCE,ME,ME311,21101,0.0,2.0,15:00:00.0,2816.0
2013,01,15,CZCE,ME,ME312,8553,0.0,12.0,15:00:00.0,2824.0
2013,01,16,CZCE,ME,ME301,968,24.0,1788.0,14:30:31.0,2730.0
2013,01,16,CZCE,ME,ME302,23228,10.0,6.0,14:59:54.0,2745.0
2013,01,16,CZCE,ME,ME303,187,0.0,0.0,15:00:00.0,2667.0
2013,01,16,CZCE,ME,ME304,537,0.0,0.0,15:00:00.0,2654.0
2013,01,16,CZCE,ME,ME305,212054,8844.0,13950.0,14:59:59.0,2786.0
2013,01,16,CZCE,ME,ME306,2837,0.0,2.0,15:00:00.0,2831.0
2013,01,16,CZCE,ME,ME307,87,0,0,0,0
2013,01,16,CZCE,ME,ME308,14841,0.0,0.0,15:00:00.0,2867.0
2013,01,16,CZCE,ME,ME309,37377,8.0,116.0,14:59:58.0,2828.0
2013,01,16,CZCE,ME,ME310,11361,0.0,0.0,15:00:00.0,2786.0
2013,01,16,CZCE,ME,ME311,13628,0.0,2.0,15:00:00.0,2812.0
2013,01,16,CZCE,ME,ME312,3909,0.0,12.0,15:00:00.0,2820.0
2013,01,17,CZCE,ME,ME301,715,60.0,1776.0,14:58:56.0,2650.0
2013,01,17,CZCE,ME,ME302,48236,0.0,6.0,15:00:00.0,2745.0
2013,01,17,CZCE,ME,ME303,187,0.0,0.0,15:00:00.0,2680.0
2013,01,17,CZCE,ME,ME304,487,0.0,0.0,14:59:21.0,2667.0
2013,01,17,CZCE,ME,ME305,481195,31006.0,16066.0,14:59:59.0,2823.0
2013,01,17,CZCE,ME,ME306,12439,12.0,2.0,14:59:21.0,2818.0
2013,01,17,CZCE,ME,ME307,87,0,0,0,0
2013,01,17,CZCE,ME,ME308,29757,0.0,0.0,14:59:22.0,2851.0
2013,01,17,CZCE,ME,ME309,76804,30.0,120.0,14:59:59.0,2856.0
2013,01,17,CZCE,ME,ME310,11010,0.0,0.0,14:59:22.0,2771.0
2013,01,17,CZCE,ME,ME311,7121,0.0,2.0,15:00:00.0,2797.0
2013,01,17,CZCE,ME,ME312,5580,0.0,12.0,15:00:00.0,2805.0
2013,01,18,CZCE,ME,ME302,10877,14.0,8.0,14:59:28.0,2702.0
2013,01,18,CZCE,ME,ME303,337,0.0,0.0,15:00:00.0,2682.0
2013,01,18,CZCE,ME,ME304,737,0.0,0.0,14:44:03.0,2669.0
2013,01,18,CZCE,ME,ME305,202741,28766.0,22464.0,14:59:56.0,2934.0
2013,01,18,CZCE,ME,ME306,6594,0.0,2.0,15:00:00.0,2818.0
2013,01,18,CZCE,ME,ME307,3105,0.0,0.0,15:00:00.0,2888.0
2013,01,18,CZCE,ME,ME308,11055,4.0,4.0,14:59:39.0,2992.0
2013,01,18,CZCE,ME,ME309,48016,128.0,184.0,14:59:42.0,2972.0
2013,01,18,CZCE,ME,ME310,1477,0.0,0.0,15:00:00.0,2800.0
2013,01,18,CZCE,ME,ME311,1761,0.0,2.0,15:00:00.0,2827.0
2013,01,18,CZCE,ME,ME312,2088,0.0,12.0,15:00:00.0,2835.0
2013,01,18,CZCE,ME,ME401,4379,0.0,0.0,15:00:00.0,2835.0
2013,01,21,CZCE,ME,ME302,35454,4.0,8.0,14:59:42.0,2661.0
2013,01,21,CZCE,ME,ME303,237,0.0,0.0,15:00:00.0,2790.0
2013,01,21,CZCE,ME,ME304,393,0.0,0.0,15:00:00.0,2655.0
2013,01,21,CZCE,ME,ME305,584944,53326.0,22656.0,14:59:59.0,2922.0
2013,01,21,CZCE,ME,ME306,6701,0.0,2.0,15:00:00.0,2919.0
2013,01,21,CZCE,ME,ME307,764,0.0,0.0,15:00:00.0,2888.0
2013,01,21,CZCE,ME,ME308,59384,6.0,0.0,14:59:24.0,2988.0
2013,01,21,CZCE,ME,ME309,127028,314.0,202.0,14:59:59.0,2973.0
2013,01,21,CZCE,ME,ME310,28103,0.0,0.0,15:00:00.0,2912.0
2013,01,21,CZCE,ME,ME311,35929,2.0,0.0,14:59:47.0,3039.0
2013,01,21,CZCE,ME,ME312,11736,0.0,12.0,15:00:00.0,2933.0
2013,01,21,CZCE,ME,ME401,9653,0.0,0.0,15:00:00.0,2835.0
2013,01,22,CZCE,ME,ME302,3028,6.0,2.0,14:58:50.0,2749.0
2013,01,22,CZCE,ME,ME303,187,0.0,0.0,15:00:00.0,2785.0
2013,01,22,CZCE,ME,ME304,10609,0.0,0.0,15:00:00.0,2762.0
2013,01,22,CZCE,ME,ME305,528504,37432.0,23762.0,14:59:59.0,2917.0
2013,01,22,CZCE,ME,ME306,2245,0.0,2.0,15:00:00.0,2972.0
2013,01,22,CZCE,ME,ME307,867,0.0,0.0,14:59:22.0,2941.0
2013,01,22,CZCE,ME,ME308,48446,0.0,0.0,15:00:00.0,2988.0
2013,01,22,CZCE,ME,ME309,120331,140.0,232.0,14:59:59.0,2965.0
2013,01,22,CZCE,ME,ME310,15545,0.0,0.0,15:00:00.0,2951.0
2013,01,22,CZCE,ME,ME311,6105,0.0,0.0,14:59:24.0,3039.0
2013,01,22,CZCE,ME,ME312,7044,0.0,12.0,15:00:00.0,2948.0
2013,01,22,CZCE,ME,ME401,7654,6.0,2.0,14:59:23.0,3015.0
2013,01,23,CZCE,ME,ME302,2531,2.0,0.0,14:59:18.0,2774.0
2013,01,23,CZCE,ME,ME303,187,0.0,0.0,15:00:00.0,2764.0
2013,01,23,CZCE,ME,ME304,10282,176.0,166.0,14:59:20.0,2851.0
2013,01,23,CZCE,ME,ME305,610499,61882.0,25452.0,14:59:59.0,2943.0
2013,01,23,CZCE,ME,ME306,2622,0.0,2.0,15:00:00.0,2939.0
2013,01,23,CZCE,ME,ME307,399,0.0,0.0,14:59:21.0,2908.0
2013,01,23,CZCE,ME,ME308,39875,0.0,0.0,15:00:00.0,2963.0
2013,01,23,CZCE,ME,ME309,91651,168.0,236.0,14:59:59.0,2997.0
2013,01,23,CZCE,ME,ME310,18513,0.0,0.0,15:00:00.0,2927.0
2013,01,23,CZCE,ME,ME311,4035,0.0,0.0,14:59:23.0,3015.0
2013,01,23,CZCE,ME,ME312,5631,0.0,12.0,15:00:00.0,2924.0
2013,01,23,CZCE,ME,ME401,7136,2.0,0.0,14:59:27.0,3015.0
2013,01,24,CZCE,ME,ME302,137,0.0,0.0,09:44:06.0,2774.0
2013,01,24,CZCE,ME,ME303,455,0.0,0.0,15:00:00.0,2797.0
2013,01,24,CZCE,ME,ME304,48500,50.0,116.0,14:59:58.0,2810.0
2013,01,24,CZCE,ME,ME305,501304,36616.0,22554.0,14:59:59.0,2913.0
2013,01,24,CZCE,ME,ME306,3520,0.0,2.0,15:00:00.0,2957.0
2013,01,24,CZCE,ME,ME307,87,0,0,0,0
2013,01,24,CZCE,ME,ME308,33989,0.0,0.0,14:59:22.0,2963.0
2013,01,24,CZCE,ME,ME309,98260,172.0,224.0,14:59:58.0,2976.0
2013,01,24,CZCE,ME,ME310,13160,0.0,0.0,15:00:00.0,2946.0
2013,01,24,CZCE,ME,ME311,4998,0.0,0.0,14:59:23.0,3034.0
2013,01,24,CZCE,ME,ME312,20391,0.0,12.0,15:00:00.0,2966.0
2013,01,24,CZCE,ME,ME401,2781,0.0,0.0,15:00:00.0,3015.0
2013,01,25,CZCE,ME,ME302,137,0.0,0.0,13:51:58.0,2774.0
2013,01,25,CZCE,ME,ME303,296,0.0,0.0,15:00:00.0,2797.0
2013,01,25,CZCE,ME,ME304,66038,64.0,150.0,14:59:57.0,2834.0
2013,01,25,CZCE,ME,ME305,392966,19426.0,23022.0,14:59:59.0,2926.0
2013,01,25,CZCE,ME,ME306,2189,0.0,2.0,15:00:00.0,2940.0
2013,01,25,CZCE,ME,ME307,87,0,0,0,0
2013,01,25,CZCE,ME,ME308,26089,2.0,2.0,14:59:51.0,2924.0
2013,01,25,CZCE,ME,ME309,70901,46.0,232.0,14:59:59.0,2978.0
2013,01,25,CZCE,ME,ME310,19847,0.0,0.0,14:59:20.0,2936.0
2013,01,25,CZCE,ME,ME311,4462,0.0,0.0,14:59:21.0,3024.0
2013,01,25,CZCE,ME,ME312,8768,0.0,12.0,15:00:00.0,2966.0
2013,01,25,CZCE,ME,ME401,2295,0.0,0.0,15:00:00.0,3005.0
2013,01,28,CZCE,ME,ME302,137,0.0,0.0,10:32:08.0,2774.0
2013,01,28,CZCE,ME,ME303,243,0.0,0.0,15:00:00.0,2797.0
2013,01,28,CZCE,ME,ME304,91562,160.0,206.0,14:59:22.0,2849.0
2013,01,28,CZCE,ME,ME305,404724,26390.0,23858.0,14:59:58.0,2923.0
2013,01,28,CZCE,ME,ME306,2133,0.0,2.0,15:00:00.0,2941.0
2013,01,28,CZCE,ME,ME307,393,0.0,0.0,15:00:00.0,2910.0
2013,01,28,CZCE,ME,ME308,20138,0.0,2.0,15:00:00.0,2924.0
2013,01,28,CZCE,ME,ME309,61431,68.0,226.0,14:59:56.0,2978.0
2013,01,28,CZCE,ME,ME310,14217,0.0,0.0,15:00:00.0,2932.0
2013,01,28,CZCE,ME,ME311,3976,0.0,0.0,14:59:24.0,3020.0
2013,01,28,CZCE,ME,ME312,12396,0.0,12.0,15:00:00.0,2962.0
2013,01,28,CZCE,ME,ME401,2734,0.0,0.0,15:00:00.0,3001.0
2013,01,29,CZCE,ME,ME302,137,0.0,0.0,09:07:44.0,2774.0
2013,01,29,CZCE,ME,ME303,2419,0.0,0.0,15:00:00.0,2797.0
2013,01,29,CZCE,ME,ME304,63270,108.0,288.0,14:59:58.0,2868.0
2013,01,29,CZCE,ME,ME305,458213,34876.0,26878.0,14:59:58.0,2941.0
2013,01,29,CZCE,ME,ME306,6191,16.0,2.0,14:59:55.0,2860.0
2013,01,29,CZCE,ME,ME307,87,0,0,0,0
2013,01,29,CZCE,ME,ME308,34168,0.0,2.0,15:00:00.0,2937.0
2013,01,29,CZCE,ME,ME309,59599,70.0,230.0,14:59:52.0,2992.0
2013,01,29,CZCE,ME,ME310,19208,0.0,0.0,14:59:18.0,2945.0
2013,01,29,CZCE,ME,ME311,4312,0.0,0.0,14:59:19.0,3033.0
2013,01,29,CZCE,ME,ME312,5691,0.0,12.0,15:00:00.0,2962.0
2013,01,29,CZCE,ME,ME401,4792,0.0,0.0,15:00:00.0,3001.0
2013,01,30,CZCE,ME,ME302,187,0.0,0.0,13:47:15.0,2774.0
2013,01,30,CZCE,ME,ME303,17753,10.0,6.0,14:58:55.0,2830.0
2013,01,30,CZCE,ME,ME304,63805,32.0,290.0,14:59:59.0,2895.0
2013,01,30,CZCE,ME,ME305,467601,38824.0,27654.0,14:59:59.0,2962.0
2013,01,30,CZCE,ME,ME306,11958,0.0,2.0,15:00:00.0,2860.0
2013,01,30,CZCE,ME,ME307,443,0.0,0.0,14:59:22.0,2897.0
2013,01,30,CZCE,ME,ME308,2396,0.0,2.0,15:00:00.0,2911.0
2013,01,30,CZCE,ME,ME309,79543,126.0,250.0,14:59:59.0,3027.0
2013,01,30,CZCE,ME,ME310,6649,6.0,4.0,14:59:37.0,3016.0
2013,01,30,CZCE,ME,ME311,9344,0.0,0.0,14:59:24.0,3033.0
2013,01,30,CZCE,ME,ME312,4857,0.0,12.0,15:00:00.0,2962.0
2013,01,30,CZCE,ME,ME401,3420,0.0,0.0,15:00:00.0,3001.0
2013,01,31,CZCE,ME,ME302,137,0.0,0.0,13:41:18.0,2774.0
2013,01,31,CZCE,ME,ME303,26725,4.0,2.0,14:23:15.0,2799.0
2013,01,31,CZCE,ME,ME304,34951,18.0,292.0,14:59:26.0,2864.0
2013,01,31,CZCE,ME,ME305,406415,22812.0,26332.0,14:59:59.0,2939.0
2013,01,31,CZCE,ME,ME306,6288,0.0,2.0,15:00:00.0,2968.0
2013,01,31,CZCE,ME,ME307,396,0.0,0.0,13:30:01.0,2936.0
2013,01,31,CZCE,ME,ME308,5737,0.0,2.0,15:00:00.0,2951.0
2013,01,31,CZCE,ME,ME309,64452,146.0,236.0,14:59:59.0,3020.0
2013,01,31,CZCE,ME,ME310,10690,8.0,6.0,14:59:22.0,3050.0
2013,01,31,CZCE,ME,ME311,7754,0.0,0.0,15:00:00.0,3126.0
2013,01,31,CZCE,ME,ME312,5160,0.0,12.0,15:00:00.0,3053.0
2013,01,31,CZCE,ME,ME401,1718,0.0,0.0,15:00:00.0,3040.0
2013,01,04,CZCE,OI,OI307,19685,0.0,66.0,15:00:00.0,10000.0
2013,01,04,CZCE,OI,OI309,38715,456.0,1504.0,14:59:59.0,10000.0
2013,01,04,CZCE,OI,OI311,18746,0.0,0.0,15:00:00.0,9716.0
2013,01,07,CZCE,OI,OI307,14193,0.0,66.0,15:00:00.0,9952.0
2013,01,07,CZCE,OI,OI309,58058,1152.0,2094.0,14:59:54.0,9882.0
2013,01,07,CZCE,OI,OI311,25391,0.0,0.0,15:00:00.0,9728.0
2013,01,08,CZCE,OI,OI307,4587,4.0,66.0,14:59:57.0,10046.0
2013,01,08,CZCE,OI,OI309,25409,258.0,2088.0,14:59:57.0,9852.0
2013,01,08,CZCE,OI,OI311,8571,0.0,0.0,15:00:00.0,9728.0
2013,01,09,CZCE,OI,OI307,12822,0.0,66.0,15:00:00.0,10046.0
2013,01,09,CZCE,OI,OI309,36994,308.0,2132.0,14:59:57.0,9888.0
2013,01,09,CZCE,OI,OI311,17685,0.0,0.0,15:00:00.0,9728.0
2013,01,10,CZCE,OI,OI307,44053,6.0,64.0,14:59:59.0,10100.0
2013,01,10,CZCE,OI,OI309,80513,2000.0,2910.0,14:59:59.0,9978.0
2013,01,10,CZCE,OI,OI311,30057,0.0,0.0,15:00:00.0,9728.0
2013,01,11,CZCE,OI,OI307,36158,2.0,66.0,14:59:52.0,10150.0
2013,01,11,CZCE,OI,OI309,52201,1564.0,3394.0,14:59:58.0,9940.0
2013,01,11,CZCE,OI,OI311,20823,0.0,0.0,15:00:00.0,9744.0
2013,01,14,CZCE,OI,OI307,26851,0.0,66.0,15:00:00.0,10150.0
2013,01,14,CZCE,OI,OI309,34832,362.0,3430.0,14:59:35.0,9998.0
2013,01,14,CZCE,OI,OI311,15423,0.0,0.0,15:00:00.0,9744.0
2013,01,15,CZCE,OI,OI307,20053,2.0,64.0,14:59:54.0,10156.0
2013,01,15,CZCE,OI,OI309,45896,1584.0,4080.0,14:59:22.0,9992.0
2013,01,15,CZCE,OI,OI311,17799,0.0,0.0,15:00:00.0,9744.0
2013,01,16,CZCE,OI,OI307,18260,0.0,64.0,15:00:00.0,10156.0
2013,01,16,CZCE,OI,OI309,29182,980.0,4706.0,14:59:59.0,9984.0
2013,01,16,CZCE,OI,OI311,8889,0.0,0.0,15:00:00.0,9744.0
2013,01,17,CZCE,OI,OI307,18597,0.0,64.0,15:00:00.0,10156.0
2013,01,17,CZCE,OI,OI309,35238,576.0,4972.0,14:59:50.0,9972.0
2013,01,17,CZCE,OI,OI311,10887,0.0,0.0,15:00:00.0,9744.0
2013,01,18,CZCE,OI,OI307,21800,0.0,64.0,15:00:00.0,10156.0
2013,01,18,CZCE,OI,OI309,36003,960.0,5500.0,14:59:56.0,9990.0
2013,01,18,CZCE,OI,OI311,16017,0.0,0.0,15:00:00.0,9744.0
2013,01,18,CZCE,OI,OI401,19157,20.0,20.0,14:59:48.0,9970.0
2013,01,21,CZCE,OI,OI307,21287,0.0,64.0,15:00:00.0,10156.0
2013,01,21,CZCE,OI,OI309,37276,1574.0,5544.0,14:59:57.0,10020.0
2013,01,21,CZCE,OI,OI311,11967,0.0,0.0,15:00:00.0,9750.0
2013,01,21,CZCE,OI,OI401,25390,140.0,96.0,14:59:17.0,9976.0
2013,01,22,CZCE,OI,OI307,21480,0.0,64.0,15:00:00.0,10156.0
2013,01,22,CZCE,OI,OI309,39230,1466.0,6018.0,14:59:45.0,10020.0
2013,01,22,CZCE,OI,OI311,13425,0.0,0.0,15:00:00.0,9800.0
2013,01,22,CZCE,OI,OI401,24803,660.0,746.0,14:59:37.0,9972.0
2013,01,23,CZCE,OI,OI307,22009,0.0,64.0,15:00:00.0,10156.0
2013,01,23,CZCE,OI,OI309,42317,1234.0,6576.0,14:59:47.0,10012.0
2013,01,23,CZCE,OI,OI311,15369,0.0,0.0,15:00:00.0,9876.0
2013,01,23,CZCE,OI,OI401,24674,240.0,780.0,14:59:45.0,9944.0
2013,01,24,CZCE,OI,OI307,27255,0.0,64.0,15:00:00.0,10156.0
2013,01,24,CZCE,OI,OI309,58201,1310.0,6596.0,14:59:46.0,9890.0
2013,01,24,CZCE,OI,OI311,25068,0.0,0.0,15:00:00.0,9876.0
2013,01,24,CZCE,OI,OI401,40820,136.0,816.0,14:59:01.0,9812.0
2013,01,25,CZCE,OI,OI307,16512,0.0,64.0,15:00:00.0,10156.0
2013,01,25,CZCE,OI,OI309,39682,1094.0,7182.0,14:59:46.0,9936.0
2013,01,25,CZCE,OI,OI311,15391,0.0,0.0,15:00:00.0,9876.0
2013,01,25,CZCE,OI,OI401,26099,68.0,814.0,14:59:23.0,9866.0
2013,01,28,CZCE,OI,OI307,16968,0.0,64.0,15:00:00.0,10156.0
2013,01,28,CZCE,OI,OI309,38029,1076.0,7902.0,14:59:56.0,9932.0
2013,01,28,CZCE,OI,OI311,15935,0.0,0.0,15:00:00.0,9876.0
2013,01,28,CZCE,OI,OI401,24793,106.0,812.0,14:59:47.0,9874.0
2013,01,29,CZCE,OI,OI307,15656,0.0,64.0,15:00:00.0,10146.0
2013,01,29,CZCE,OI,OI309,30828,316.0,7922.0,14:59:58.0,9940.0
2013,01,29,CZCE,OI,OI311,12014,0.0,0.0,15:00:00.0,9876.0
2013,01,29,CZCE,OI,OI401,23491,104.0,888.0,14:59:58.0,9896.0
2013,01,30,CZCE,OI,OI307,22776,0.0,64.0,15:00:00.0,10146.0
2013,01,30,CZCE,OI,OI309,58028,1662.0,8384.0,14:59:57.0,9986.0
2013,01,30,CZCE,OI,OI311,21953,0.0,0.0,15:00:00.0,9876.0
2013,01,30,CZCE,OI,OI401,24529,58.0,922.0,14:59:56.0,9908.0
2013,01,31,CZCE,OI,OI307,23076,0.0,64.0,15:00:00.0,10146.0
2013,01,31,CZCE,OI,OI309,59798,3574.0,10108.0,14:59:58.0,9992.0
2013,01,31,CZCE,OI,OI311,15851,0.0,0.0,15:00:00.0,9876.0
2013,01,31,CZCE,OI,OI401,33184,906.0,1722.0,14:59:51.0,9882.0
2013,01,04,CZCE,PM,PM301,999,2.0,4.0,10:49:47.0,2520.0
2013,01,04,CZCE,PM,PM303,290,0.0,0.0,15:00:00.0,2398.0
2013,01,04,CZCE,PM,PM305,2622,0.0,10.0,15:00:00.0,2425.0
2013,01,04,CZCE,PM,PM307,1718,0.0,18.0,15:00:00.0,2450.0
2013,01,04,CZCE,PM,PM309,1923,0.0,42.0,15:00:00.0,2461.0
2013,01,04,CZCE,PM,PM311,193,0.0,0.0,15:00:00.0,2445.0
2013,01,07,CZCE,PM,PM301,187,0.0,4.0,15:00:00.0,2520.0
2013,01,07,CZCE,PM,PM303,187,0.0,0.0,15:00:00.0,2518.0
2013,01,07,CZCE,PM,PM305,6935,12.0,14.0,14:59:51.0,2457.0
2013,01,07,CZCE,PM,PM307,2689,2.0,18.0,14:48:49.0,2435.0
2013,01,07,CZCE,PM,PM309,3921,4.0,40.0,14:58:24.0,2478.0
2013,01,07,CZCE,PM,PM311,193,0.0,0.0,15:00:00.0,2445.0
2013,01,08,CZCE,PM,PM301,437,4.0,2.0,14:45:39.0,2419.0
2013,01,08,CZCE,PM,PM303,293,0.0,0.0,15:00:00.0,2518.0
2013,01,08,CZCE,PM,PM305,1869,0.0,14.0,15:00:00.0,2457.0
2013,01,08,CZCE,PM,PM307,2247,0.0,18.0,15:00:00.0,2435.0
2013,01,08,CZCE,PM,PM309,1005,0.0,40.0,15:00:00.0,2478.0
2013,01,08,CZCE,PM,PM311,6607,4.0,2.0,14:59:25.0,2525.0
2013,01,09,CZCE,PM,PM301,802,0.0,2.0,15:00:00.0,2419.0
2013,01,09,CZCE,PM,PM303,343,0.0,0.0,15:00:00.0,2518.0
2013,01,09,CZCE,PM,PM305,8328,12.0,14.0,14:45:25.0,2475.0
2013,01,09,CZCE,PM,PM307,4563,0.0,18.0,15:00:00.0,2450.0
2013,01,09,CZCE,PM,PM309,6999,8.0,44.0,14:59:34.0,2506.0
2013,01,09,CZCE,PM,PM311,1571,0.0,2.0,15:00:00.0,2525.0
2013,01,10,CZCE,PM,PM301,237,0.0,2.0,10:10:40.0,2419.0
2013,01,10,CZCE,PM,PM303,446,0.0,0.0,15:00:00.0,2518.0
2013,01,10,CZCE,PM,PM305,6459,6.0,14.0,14:41:07.0,2469.0
2013,01,10,CZCE,PM,PM307,8214,18.0,26.0,14:57:41.0,2462.0
2013,01,10,CZCE,PM,PM309,6297,2.0,42.0,14:57:41.0,2486.0
2013,01,10,CZCE,PM,PM311,2837,0.0,2.0,15:00:00.0,2470.0
2013,01,11,CZCE,PM,PM301,87,0,0,0,0
2013,01,11,CZCE,PM,PM303,387,0.0,0.0,15:00:00.0,2417.0
2013,01,11,CZCE,PM,PM305,4677,0.0,14.0,15:00:00.0,2469.0
2013,01,11,CZCE,PM,PM307,4785,0.0,26.0,15:00:00.0,2462.0
2013,01,11,CZCE,PM,PM309,2517,0.0,42.0,15:00:00.0,2486.0
2013,01,11,CZCE,PM,PM311,1253,0.0,2.0,15:00:00.0,2470.0
2013,01,14,CZCE,PM,PM301,87,0,0,0,0
2013,01,14,CZCE,PM,PM303,349,0.0,0.0,15:00:00.0,2417.0
2013,01,14,CZCE,PM,PM305,16792,56.0,28.0,14:59:47.0,2430.0
2013,01,14,CZCE,PM,PM307,5681,10.0,36.0,14:59:22.0,2460.0
2013,01,14,CZCE,PM,PM309,3651,8.0,44.0,14:59:14.0,2470.0
2013,01,14,CZCE,PM,PM311,1041,0.0,2.0,15:00:00.0,2470.0
2013,01,15,CZCE,PM,PM301,87,0,0,0,0
2013,01,15,CZCE,PM,PM303,396,0.0,0.0,15:00:00.0,2417.0
2013,01,15,CZCE,PM,PM305,5919,6.0,24.0,14:59:48.0,2441.0
2013,01,15,CZCE,PM,PM307,1816,0.0,36.0,15:00:00.0,2460.0
2013,01,15,CZCE,PM,PM309,2733,4.0,40.0,14:22:11.0,2463.0
2013,01,15,CZCE,PM,PM311,882,0.0,2.0,15:00:00.0,2470.0
2013,01,16,CZCE,PM,PM301,87,0,0,0,0
2013,01,16,CZCE,PM,PM303,237,0.0,0.0,15:00:00.0,2417.0
2013,01,16,CZCE,PM,PM305,5001,0.0,24.0,15:00:00.0,2441.0
2013,01,16,CZCE,PM,PM307,3813,0.0,36.0,15:00:00.0,2459.0
2013,01,16,CZCE,PM,PM309,5163,2.0,42.0,14:53:55.0,2470.0
2013,01,16,CZCE,PM,PM311,405,0.0,2.0,15:00:00.0,2470.0
2013,01,17,CZCE,PM,PM301,87,0,0,0,0
2013,01,17,CZCE,PM,PM303,87,0,0,0,0
2013,01,17,CZCE,PM,PM305,2085,0.0,24.0,15:00:00.0,2433.0
2013,01,17,CZCE,PM,PM307,1929,2.0,36.0,13:57:46.0,2441.0
2013,01,17,CZCE,PM,PM309,2625,2.0,44.0,14:19:36.0,2474.0
2013,01,17,CZCE,PM,PM311,405,0.0,2.0,15:00:00.0,2470.0
2013,01,18,CZCE,PM,PM303,87,0,0,0,0
2013,01,18,CZCE,PM,PM305,3813,0.0,24.0,15:00:00.0,2433.0
2013,01,18,CZCE,PM,PM307,2949,6.0,34.0,14:57:31.0,2442.0
2013,01,18,CZCE,PM,PM309,3813,8.0,44.0,14:12:22.0,2464.0
2013,01,18,CZCE,PM,PM311,299,0.0,2.0,15:00:00.0,2470.0
2013,01,18,CZCE,PM,PM401,3638,4.0,4.0,14:23:06.0,2492.0
2013,01,21,CZCE,PM,PM303,87,0,0,0,0
2013,01,21,CZCE,PM,PM305,4137,6.0,24.0,14:58:37.0,2413.0
2013,01,21,CZCE,PM,PM307,2193,0.0,34.0,15:00:00.0,2442.0
2013,01,21,CZCE,PM,PM309,3555,10.0,44.0,14:50:08.0,2469.0
2013,01,21,CZCE,PM,PM311,2578,0.0,2.0,15:00:00.0,2470.0
2013,01,21,CZCE,PM,PM401,4268,2.0,2.0,14:59:24.0,2450.0
2013,01,22,CZCE,PM,PM303,243,0.0,0.0,15:00:00.0,2417.0
2013,01,22,CZCE,PM,PM305,8955,58.0,18.0,14:59:41.0,2399.0
2013,01,22,CZCE,PM,PM307,2902,2.0,34.0,14:58:26.0,2426.0
2013,01,22,CZCE,PM,PM309,2903,10.0,40.0,14:56:30.0,2452.0
2013,01,22,CZCE,PM,PM311,1571,0.0,2.0,15:00:00.0,2470.0
2013,01,22,CZCE,PM,PM401,4404,10.0,8.0,14:55:29.0,2475.0
2013,01,23,CZCE,PM,PM303,3146,12.0,0.0,14:59:14.0,2508.0
2013,01,23,CZCE,PM,PM305,4515,6.0,18.0,14:58:38.0,2396.0
2013,01,23,CZCE,PM,PM307,3921,0.0,34.0,15:00:00.0,2426.0
2013,01,23,CZCE,PM,PM309,1876,8.0,40.0,14:02:12.0,2455.0
2013,01,23,CZCE,PM,PM311,1253,0.0,2.0,15:00:00.0,2470.0
2013,01,23,CZCE,PM,PM401,723,0.0,8.0,15:00:00.0,2475.0
2013,01,24,CZCE,PM,PM303,13156,40.0,0.0,14:59:27.0,2370.0
2013,01,24,CZCE,PM,PM305,9375,4.0,18.0,14:59:27.0,2375.0
2013,01,24,CZCE,PM,PM307,3543,0.0,34.0,15:00:00.0,2426.0
2013,01,24,CZCE,PM,PM309,1934,16.0,42.0,14:57:36.0,2430.0
2013,01,24,CZCE,PM,PM311,2578,4.0,2.0,14:48:33.0,2451.0
2013,01,24,CZCE,PM,PM401,1147,2.0,6.0,14:57:36.0,2455.0
2013,01,25,CZCE,PM,PM303,4530,0.0,0.0,15:00:00.0,2370.0
2013,01,25,CZCE,PM,PM305,6147,10.0,20.0,14:59:35.0,2394.0
2013,01,25,CZCE,PM,PM307,6243,0.0,34.0,15:00:00.0,2426.0
2013,01,25,CZCE,PM,PM309,8520,14.0,42.0,14:59:45.0,2479.0
2013,01,25,CZCE,PM,PM311,2843,0.0,2.0,15:00:00.0,2451.0
2013,01,25,CZCE,PM,PM401,4287,14.0,16.0,14:48:34.0,2484.0
2013,01,28,CZCE,PM,PM303,437,0.0,0.0,14:17:41.0,2412.0
2013,01,28,CZCE,PM,PM305,3597,0.0,20.0,15:00:00.0,2394.0
2013,01,28,CZCE,PM,PM307,4569,6.0,34.0,14:53:33.0,2424.0
2013,01,28,CZCE,PM,PM309,4083,6.0,40.0,14:59:47.0,2462.0
2013,01,28,CZCE,PM,PM311,352,0.0,2.0,15:00:00.0,2453.0
2013,01,28,CZCE,PM,PM401,2571,8.0,20.0,14:17:18.0,2500.0
2013,01,29,CZCE,PM,PM303,87,0,0,0,0
2013,01,29,CZCE,PM,PM305,7161,0.0,20.0,15:00:00.0,2389.0
2013,01,29,CZCE,PM,PM307,3219,2.0,36.0,14:59:38.0,2420.0
2013,01,29,CZCE,PM,PM309,3221,0.0,40.0,15:00:00.0,2462.0
2013,01,29,CZCE,PM,PM311,405,0.0,2.0,15:00:00.0,2453.0
2013,01,29,CZCE,PM,PM401,573,0.0,20.0,15:00:00.0,2500.0
2013,01,30,CZCE,PM,PM303,87,0,0,0,0
2013,01,30,CZCE,PM,PM305,8241,4.0,18.0,14:55:08.0,2422.0
2013,01,30,CZCE,PM,PM307,4947,0.0,36.0,15:00:00.0,2420.0
2013,01,30,CZCE,PM,PM309,3975,0.0,40.0,15:00:00.0,2462.0
2013,01,30,CZCE,PM,PM311,399,0.0,2.0,15:00:00.0,2453.0
2013,01,30,CZCE,PM,PM401,1005,0.0,20.0,15:00:00.0,2499.0
2013,01,31,CZCE,PM,PM303,137,0.0,0.0,14:48:42.0,2412.0
2013,01,31,CZCE,PM,PM305,3705,0.0,18.0,15:00:00.0,2422.0
2013,01,31,CZCE,PM,PM307,1869,0.0,36.0,15:00:00.0,2420.0
2013,01,31,CZCE,PM,PM309,1437,2.0,40.0,14:39:50.0,2460.0
2013,01,31,CZCE,PM,PM311,293,0.0,2.0,15:00:00.0,2453.0
2013,01,31,CZCE,PM,PM401,789,0.0,20.0,15:00:00.0,2499.0
2013,01,04,CZCE,RI,RI307,4903,40.0,8.0,14:55:05.0,2735.0
2013,01,04,CZCE,RI,RI309,4114,38.0,1338.0,14:59:24.0,2769.0
2013,01,04,CZCE,RI,RI311,193,0.0,2.0,15:00:00.0,2791.0
2013,01,07,CZCE,RI,RI307,1941,8.0,4.0,14:59:52.0,2725.0
2013,01,07,CZCE,RI,RI309,2721,8.0,1342.0,14:57:24.0,2774.0
2013,01,07,CZCE,RI,RI311,455,0.0,2.0,15:00:00.0,2791.0
2013,01,08,CZCE,RI,RI307,2260,0.0,4.0,15:00:00.0,2725.0
2013,01,08,CZCE,RI,RI309,3502,58.0,1332.0,14:59:22.0,2782.0
2013,01,08,CZCE,RI,RI311,988,0.0,2.0,15:00:00.0,2791.0
2013,01,09,CZCE,RI,RI307,4062,0.0,4.0,15:00:00.0,2729.0
2013,01,09,CZCE,RI,RI309,7154,156.0,1416.0,14:59:16.0,2760.0
2013,01,09,CZCE,RI,RI311,773,0.0,2.0,15:00:00.0,2791.0
2013,01,10,CZCE,RI,RI307,5970,0.0,4.0,15:00:00.0,2729.0
2013,01,10,CZCE,RI,RI309,10741,194.0,1498.0,14:57:54.0,2770.0
2013,01,10,CZCE,RI,RI311,243,0.0,2.0,15:00:00.0,2791.0
2013,01,11,CZCE,RI,RI307,3638,0.0,4.0,15:00:00.0,2729.0
2013,01,11,CZCE,RI,RI309,5102,16.0,1498.0,14:59:21.0,2761.0
2013,01,11,CZCE,RI,RI311,776,0.0,2.0,15:00:00.0,2791.0
2013,01,14,CZCE,RI,RI307,6076,4.0,4.0,14:58:00.0,2706.0
2013,01,14,CZCE,RI,RI309,9429,110.0,1466.0,14:58:56.0,2756.0
2013,01,14,CZCE,RI,RI311,137,0.0,2.0,10:09:52.0,2791.0
2013,01,15,CZCE,RI,RI307,5917,0.0,4.0,15:00:00.0,2706.0
2013,01,15,CZCE,RI,RI309,7421,46.0,1482.0,14:58:46.0,2746.0
2013,01,15,CZCE,RI,RI311,137,0.0,2.0,13:39:46.0,2785.0
2013,01,16,CZCE,RI,RI307,3850,0.0,4.0,15:00:00.0,2717.0
2013,01,16,CZCE,RI,RI309,6039,32.0,1478.0,14:59:35.0,2754.0
2013,01,16,CZCE,RI,RI311,1624,0.0,2.0,15:00:00.0,2777.0
2013,01,17,CZCE,RI,RI307,4221,0.0,4.0,15:00:00.0,2717.0
2013,01,17,CZCE,RI,RI309,5967,36.0,1480.0,14:59:56.0,2743.0
2013,01,17,CZCE,RI,RI311,1518,0.0,2.0,15:00:00.0,2777.0
2013,01,18,CZCE,RI,RI307,9760,0.0,4.0,15:00:00.0,2714.0
2013,01,18,CZCE,RI,RI309,21413,598.0,1526.0,14:59:59.0,2778.0
2013,01,18,CZCE,RI,RI311,243,0.0,2.0,15:00:00.0,2777.0
2013,01,21,CZCE,RI,RI307,5123,4.0,4.0,14:59:57.0,2806.0
2013,01,21,CZCE,RI,RI309,6151,68.0,1512.0,14:57:47.0,2765.0
2013,01,21,CZCE,RI,RI311,6622,522.0,2.0,14:59:58.0,2741.0
2013,01,22,CZCE,RI,RI307,2999,0.0,4.0,15:00:00.0,2806.0
2013,01,22,CZCE,RI,RI309,5351,66.0,1518.0,14:58:24.0,2765.0
2013,01,22,CZCE,RI,RI311,4327,2.0,0.0,14:59:52.0,2743.0
2013,01,23,CZCE,RI,RI307,5599,0.0,4.0,15:00:00.0,2762.0
2013,01,23,CZCE,RI,RI309,8405,104.0,1518.0,14:59:28.0,2773.0
2013,01,23,CZCE,RI,RI311,2631,4.0,4.0,14:59:51.0,2808.0
2013,01,24,CZCE,RI,RI307,5758,0.0,4.0,15:00:00.0,2762.0
2013,01,24,CZCE,RI,RI309,12572,118.0,1526.0,14:59:47.0,2760.0
2013,01,24,CZCE,RI,RI311,5334,2.0,4.0,14:58:23.0,2800.0
2013,01,24,CZCE,RI,RI401,11650,46.0,30.0,14:59:47.0,2787.0
2013,01,25,CZCE,RI,RI307,4804,0.0,4.0,15:00:00.0,2755.0
2013,01,25,CZCE,RI,RI309,7284,48.0,1544.0,14:59:43.0,2765.0
2013,01,25,CZCE,RI,RI311,2207,0.0,4.0,15:00:00.0,2800.0
2013,01,25,CZCE,RI,RI401,6530,22.0,42.0,14:59:58.0,2795.0
2013,01,28,CZCE,RI,RI307,14802,48.0,4.0,14:59:51.0,2725.0
2013,01,28,CZCE,RI,RI309,10099,82.0,1530.0,14:59:36.0,2762.0
2013,01,28,CZCE,RI,RI311,4115,4.0,6.0,14:59:26.0,2793.0
2013,01,28,CZCE,RI,RI401,7028,16.0,52.0,14:59:26.0,2792.0
2013,01,29,CZCE,RI,RI307,6500,0.0,4.0,15:00:00.0,2725.0
2013,01,29,CZCE,RI,RI309,11879,832.0,1916.0,14:59:59.0,2773.0
2013,01,29,CZCE,RI,RI311,3532,0.0,6.0,15:00:00.0,2793.0
2013,01,29,CZCE,RI,RI401,7592,16.0,68.0,14:59:59.0,2800.0
2013,01,30,CZCE,RI,RI307,10104,0.0,4.0,15:00:00.0,2739.0
2013,01,30,CZCE,RI,RI309,24989,826.0,1810.0,14:59:53.0,2793.0
2013,01,30,CZCE,RI,RI311,6553,2.0,4.0,14:59:36.0,2807.0
2013,01,30,CZCE,RI,RI401,14474,58.0,104.0,14:59:54.0,2816.0
2013,01,31,CZCE,RI,RI307,4327,0.0,4.0,15:00:00.0,2739.0
2013,01,31,CZCE,RI,RI309,16395,120.0,1832.0,14:59:37.0,2794.0
2013,01,31,CZCE,RI,RI311,1624,0.0,4.0,15:00:00.0,2807.0
2013,01,31,CZCE,RI,RI401,6690,32.0,118.0,14:59:10.0,2820.0
2013,01,04,CZCE,RM,RM305,1101385,193882.0,38458.0,14:59:59.0,2370.0
2013,01,04,CZCE,RM,RM307,92879,36.0,40.0,14:59:58.0,2338.0
2013,01,04,CZCE,RM,RM308,75877,0.0,0.0,15:00:00.0,2324.0
2013,01,04,CZCE,RM,RM309,536604,35492.0,22868.0,14:59:59.0,2303.0
2013,01,04,CZCE,RM,RM311,294112,13156.0,31758.0,14:59:59.0,2187.0
2013,01,07,CZCE,RM,RM305,981564,406060.0,64538.0,14:59:59.0,2455.0
2013,01,07,CZCE,RM,RM307,142949,90.0,42.0,14:59:59.0,2416.0
2013,01,07,CZCE,RM,RM308,76638,0.0,0.0,15:00:00.0,2335.0
2013,01,07,CZCE,RM,RM309,953952,157112.0,29670.0,14:59:59.0,2372.0
2013,01,07,CZCE,RM,RM311,695153,88208.0,44188.0,14:59:59.0,2233.0
2013,01,08,CZCE,RM,RM305,1383713,899582.0,77626.0,14:59:59.0,2480.0
2013,01,08,CZCE,RM,RM307,181636,82.0,52.0,14:59:59.0,2399.0
2013,01,08,CZCE,RM,RM308,122517,2.0,2.0,14:59:59.0,2396.0
2013,01,08,CZCE,RM,RM309,929707,126234.0,37758.0,14:59:59.0,2363.0
2013,01,08,CZCE,RM,RM311,539440,45936.0,42922.0,14:59:59.0,2238.0
2013,01,09,CZCE,RM,RM305,1388053,696804.0,94100.0,14:59:59.0,2478.0
2013,01,09,CZCE,RM,RM307,103468,50.0,70.0,14:59:59.0,2388.0
2013,01,09,CZCE,RM,RM308,69570,4.0,2.0,14:59:59.0,2399.0
2013,01,09,CZCE,RM,RM309,729773,75976.0,44750.0,14:59:59.0,2347.0
2013,01,09,CZCE,RM,RM311,457105,37854.0,52970.0,14:59:59.0,2234.0
2013,01,10,CZCE,RM,RM305,1362825,591086.0,96660.0,14:59:59.0,2462.0
2013,01,10,CZCE,RM,RM307,105083,26.0,60.0,14:59:58.0,2396.0
2013,01,10,CZCE,RM,RM308,77219,16.0,6.0,14:59:58.0,2380.0
2013,01,10,CZCE,RM,RM309,637225,50908.0,42272.0,14:59:59.0,2351.0
2013,01,10,CZCE,RM,RM311,372835,19954.0,53994.0,14:59:58.0,2230.0
2013,01,11,CZCE,RM,RM305,1525273,1621470.0,165614.0,14:59:59.0,2509.0
2013,01,11,CZCE,RM,RM307,158577,56.0,66.0,14:59:59.0,2404.0
2013,01,11,CZCE,RM,RM308,111681,38.0,6.0,14:59:53.0,2401.0
2013,01,11,CZCE,RM,RM309,804876,94640.0,45948.0,14:59:59.0,2369.0
2013,01,11,CZCE,RM,RM311,474782,36624.0,54488.0,14:59:59.0,2244.0
2013,01,14,CZCE,RM,RM305,1500102,1299760.0,150852.0,14:59:59.0,2541.0
2013,01,14,CZCE,RM,RM307,159499,82.0,66.0,14:59:59.0,2432.0
2013,01,14,CZCE,RM,RM308,126198,14.0,8.0,14:59:59.0,2422.0
2013,01,14,CZCE,RM,RM309,754405,89820.0,51606.0,14:59:59.0,2401.0
2013,01,14,CZCE,RM,RM311,539438,42366.0,60546.0,14:59:59.0,2267.0
2013,01,15,CZCE,RM,RM305,1498181,1674334.0,178192.0,14:59:59.0,2562.0
2013,01,15,CZCE,RM,RM307,202694,44.0,76.0,14:59:59.0,2442.0
2013,01,15,CZCE,RM,RM308,186021,10.0,8.0,14:59:59.0,2428.0
2013,01,15,CZCE,RM,RM309,969945,160264.0,53476.0,14:59:59.0,2393.0
2013,01,15,CZCE,RM,RM311,638904,58806.0,63646.0,14:59:59.0,2251.0
2013,01,16,CZCE,RM,RM305,1449323,1070868.0,192280.0,14:59:59.0,2586.0
2013,01,16,CZCE,RM,RM307,129262,6.0,76.0,14:59:59.0,2451.0
2013,01,16,CZCE,RM,RM308,124425,2.0,8.0,14:59:59.0,2440.0
2013,01,16,CZCE,RM,RM309,755897,69252.0,49942.0,14:59:59.0,2411.0
2013,01,16,CZCE,RM,RM311,441605,23830.0,62528.0,14:59:59.0,2276.0
2013,01,17,CZCE,RM,RM305,1408676,815406.0,162682.0,14:59:59.0,2571.0
2013,01,17,CZCE,RM,RM307,132514,68.0,68.0,14:59:59.0,2476.0
2013,01,17,CZCE,RM,RM308,107705,4.0,8.0,14:59:59.0,2474.0
2013,01,17,CZCE,RM,RM309,952265,171090.0,66100.0,14:59:59.0,2440.0
2013,01,17,CZCE,RM,RM311,537229,42924.0,65610.0,14:59:59.0,2298.0
2013,01,18,CZCE,RM,RM305,1443330,947392.0,147836.0,14:59:59.0,2573.0
2013,01,18,CZCE,RM,RM307,128197,42.0,56.0,14:59:59.0,2493.0
2013,01,18,CZCE,RM,RM308,75612,4.0,8.0,14:59:59.0,2470.0
2013,01,18,CZCE,RM,RM309,996045,188530.0,73472.0,14:59:59.0,2452.0
2013,01,18,CZCE,RM,RM311,566789,43668.0,65304.0,14:59:59.0,2307.0
2013,01,18,CZCE,RM,RM401,82354,134.0,112.0,14:59:57.0,2350.0
2013,01,21,CZCE,RM,RM305,1347962,568840.0,137418.0,14:59:59.0,2573.0
2013,01,21,CZCE,RM,RM307,100898,12.0,48.0,14:59:59.0,2493.0
2013,01,21,CZCE,RM,RM308,68298,0.0,8.0,15:00:00.0,2470.0
2013,01,21,CZCE,RM,RM309,827409,112270.0,79286.0,14:59:59.0,2474.0
2013,01,21,CZCE,RM,RM311,449517,23884.0,65616.0,14:59:59.0,2325.0
2013,01,21,CZCE,RM,RM401,39128,546.0,518.0,14:59:55.0,2350.0
2013,01,22,CZCE,RM,RM305,1314697,543526.0,146734.0,14:59:59.0,2591.0
2013,01,22,CZCE,RM,RM307,69694,8.0,44.0,14:59:59.0,2499.0
2013,01,22,CZCE,RM,RM308,38724,32.0,8.0,14:58:31.0,2506.0
2013,01,22,CZCE,RM,RM309,748639,102664.0,77872.0,14:59:59.0,2469.0
2013,01,22,CZCE,RM,RM311,452718,34112.0,70682.0,14:59:59.0,2325.0
2013,01,22,CZCE,RM,RM401,36707,422.0,664.0,14:59:25.0,2345.0
2013,01,23,CZCE,RM,RM305,1241846,411626.0,132690.0,14:59:59.0,2576.0
2013,01,23,CZCE,RM,RM307,43719,4.0,42.0,14:59:59.0,2489.0
2013,01,23,CZCE,RM,RM308,32583,30.0,6.0,14:59:59.0,2497.0
2013,01,23,CZCE,RM,RM309,654996,69210.0,69408.0,14:59:59.0,2453.0
2013,01,23,CZCE,RM,RM311,338081,21404.0,71468.0,14:59:59.0,2317.0
2013,01,23,CZCE,RM,RM401,39339,396.0,858.0,14:59:40.0,2337.0
2013,01,24,CZCE,RM,RM305,1208907,771526.0,152044.0,14:59:59.0,2493.0
2013,01,24,CZCE,RM,RM307,123477,38.0,46.0,14:59:59.0,2412.0
2013,01,24,CZCE,RM,RM308,60641,18.0,4.0,14:59:59.0,2401.0
2013,01,24,CZCE,RM,RM309,878285,184070.0,77986.0,14:59:59.0,2372.0
2013,01,24,CZCE,RM,RM311,621335,59786.0,71686.0,14:59:59.0,2244.0
2013,01,24,CZCE,RM,RM401,109793,902.0,1038.0,14:59:59.0,2278.0
2013,01,25,CZCE,RM,RM305,1281436,595570.0,135610.0,14:59:59.0,2504.0
2013,01,25,CZCE,RM,RM307,62457,4.0,44.0,14:59:58.0,2415.0
2013,01,25,CZCE,RM,RM308,32678,28.0,4.0,14:59:55.0,2435.0
2013,01,25,CZCE,RM,RM309,687337,87964.0,68380.0,14:59:59.0,2370.0
2013,01,25,CZCE,RM,RM311,455013,32380.0,75030.0,14:59:59.0,2238.0
2013,01,25,CZCE,RM,RM401,72443,484.0,1150.0,14:59:59.0,2282.0
2013,01,28,CZCE,RM,RM305,1304532,554936.0,130358.0,14:59:59.0,2521.0
2013,01,28,CZCE,RM,RM307,77380,16.0,48.0,14:59:59.0,2408.0
2013,01,28,CZCE,RM,RM308,39940,8.0,4.0,14:59:58.0,2410.0
2013,01,28,CZCE,RM,RM309,817988,109032.0,62752.0,14:59:59.0,2372.0
2013,01,28,CZCE,RM,RM311,409818,28070.0,75600.0,14:59:59.0,2250.0
2013,01,28,CZCE,RM,RM401,64099,476.0,1220.0,14:59:59.0,2284.0
2013,01,29,CZCE,RM,RM305,1244329,375244.0,125532.0,14:59:59.0,2515.0
2013,01,29,CZCE,RM,RM307,61269,8.0,48.0,14:59:59.0,2417.0
2013,01,29,CZCE,RM,RM308,53140,36.0,16.0,14:59:58.0,2430.0
2013,01,29,CZCE,RM,RM309,815953,129112.0,60732.0,14:59:59.0,2383.0
2013,01,29,CZCE,RM,RM311,371433,23496.0,73228.0,14:59:59.0,2260.0
2013,01,29,CZCE,RM,RM401,53825,622.0,1314.0,14:59:58.0,2284.0
2013,01,30,CZCE,RM,RM305,1163115,301474.0,119080.0,14:59:59.0,2531.0
2013,01,30,CZCE,RM,RM307,42591,6.0,44.0,14:59:58.0,2428.0
2013,01,30,CZCE,RM,RM308,41178,6.0,14.0,14:59:58.0,2428.0
2013,01,30,CZCE,RM,RM309,838906,103108.0,59882.0,14:59:59.0,2407.0
2013,01,30,CZCE,RM,RM311,358731,22668.0,74328.0,14:59:59.0,2274.0
2013,01,30,CZCE,RM,RM401,52390,1396.0,1904.0,14:59:52.0,2286.0
2013,01,31,CZCE,RM,RM305,983476,174358.0,112210.0,14:59:59.0,2537.0
2013,01,31,CZCE,RM,RM307,31301,4.0,44.0,14:59:59.0,2453.0
2013,01,31,CZCE,RM,RM308,34422,6.0,12.0,14:58:32.0,2445.0
2013,01,31,CZCE,RM,RM309,709541,61084.0,54822.0,14:59:59.0,2414.0
2013,01,31,CZCE,RM,RM311,328290,28278.0,78858.0,14:59:59.0,2290.0
2013,01,31,CZCE,RM,RM401,38291,730.0,2010.0,14:59:59.0,2295.0
2013,01,04,CZCE,RO,RO301,2914,248.0,10846.0,14:06:33.0,10000.0
2013,01,04,CZCE,RO,RO303,59003,4.0,22.0,14:59:59.0,10004.0
2013,01,04,CZCE,RO,RO305,419131,27656.0,85462.0,14:59:58.0,9852.0
2013,01,07,CZCE,RO,RO301,1864,40.0,10806.0,14:38:37.0,9940.0
2013,01,07,CZCE,RO,RO303,34627,0.0,22.0,15:00:00.0,10004.0
2013,01,07,CZCE,RO,RO305,594574,53800.0,93746.0,14:59:59.0,9790.0
2013,01,08,CZCE,RO,RO301,1213,8.0,9198.0,14:04:14.0,9940.0
2013,01,08,CZCE,RO,RO303,42366,4.0,22.0,14:59:16.0,10094.0
2013,01,08,CZCE,RO,RO305,518527,34502.0,91536.0,14:59:59.0,9786.0
2013,01,09,CZCE,RO,RO301,979,4.0,8718.0,14:00:20.0,9940.0
2013,01,09,CZCE,RO,RO303,81681,0.0,22.0,15:00:00.0,10094.0
2013,01,09,CZCE,RO,RO305,531661,33204.0,90008.0,14:59:59.0,9856.0
2013,01,10,CZCE,RO,RO301,1354,0.0,8718.0,15:00:00.0,9940.0
2013,01,10,CZCE,RO,RO303,63424,98.0,88.0,14:59:55.0,10050.0
2013,01,10,CZCE,RO,RO305,1125744,260356.0,111960.0,14:59:59.0,9964.0
2013,01,11,CZCE,RO,RO301,2767,260.0,8638.0,11:26:55.0,9950.0
2013,01,11,CZCE,RO,RO303,93609,18.0,92.0,14:59:59.0,10030.0
2013,01,11,CZCE,RO,RO305,871126,141812.0,102304.0,14:59:59.0,9924.0
2013,01,14,CZCE,RO,RO301,1832,360.0,8078.0,14:54:48.0,9960.0
2013,01,14,CZCE,RO,RO303,24533,0.0,92.0,15:00:00.0,10030.0
2013,01,14,CZCE,RO,RO305,721878,82590.0,108680.0,14:59:58.0,9994.0
2013,01,15,CZCE,RO,RO301,1053,0.0,8078.0,15:00:00.0,9960.0
2013,01,15,CZCE,RO,RO303,75752,22.0,92.0,14:59:41.0,9986.0
2013,01,15,CZCE,RO,RO305,832262,115906.0,108138.0,14:59:59.0,10004.0
2013,01,16,CZCE,RO,RO301,861,234.0,5770.0,14:41:08.0,9950.0
2013,01,16,CZCE,RO,RO303,21310,0.0,92.0,15:00:00.0,9986.0
2013,01,16,CZCE,RO,RO305,524551,39726.0,103572.0,14:59:59.0,9998.0
2013,01,17,CZCE,RO,RO301,422,0.0,4462.0,15:00:00.0,9950.0
2013,01,17,CZCE,RO,RO303,32075,24.0,92.0,14:59:44.0,9966.0
2013,01,17,CZCE,RO,RO305,553483,41012.0,103800.0,14:59:57.0,9962.0
2013,01,18,CZCE,RO,RO303,32882,0.0,92.0,15:00:00.0,9966.0
2013,01,18,CZCE,RO,RO305,495697,34068.0,106802.0,14:59:59.0,9988.0
2013,01,21,CZCE,RO,RO303,50556,0.0,92.0,15:00:00.0,9934.0
2013,01,21,CZCE,RO,RO305,443662,40206.0,106270.0,14:59:59.0,10014.0
2013,01,22,CZCE,RO,RO303,39398,0.0,92.0,15:00:00.0,9934.0
2013,01,22,CZCE,RO,RO305,412952,22808.0,105256.0,14:59:59.0,10026.0
2013,01,23,CZCE,RO,RO303,16273,16.0,92.0,14:52:16.0,9950.0
2013,01,23,CZCE,RO,RO305,395110,23994.0,106196.0,14:59:59.0,10024.0
2013,01,24,CZCE,RO,RO303,12077,0.0,92.0,15:00:00.0,9950.0
2013,01,24,CZCE,RO,RO305,457519,46730.0,100126.0,14:59:59.0,9880.0
2013,01,25,CZCE,RO,RO303,23664,0.0,92.0,15:00:00.0,9910.0
2013,01,25,CZCE,RO,RO305,281609,17920.0,94960.0,14:59:59.0,9912.0
2013,01,28,CZCE,RO,RO303,15258,0.0,92.0,15:00:00.0,9910.0
2013,01,28,CZCE,RO,RO305,329789,19676.0,93850.0,14:59:59.0,9932.0
2013,01,29,CZCE,RO,RO303,9159,0.0,92.0,15:00:00.0,9910.0
2013,01,29,CZCE,RO,RO305,331258,17972.0,92578.0,14:59:59.0,9932.0
2013,01,30,CZCE,RO,RO303,3651,0.0,92.0,15:00:00.0,9910.0
2013,01,30,CZCE,RO,RO305,281424,17450.0,90548.0,14:59:58.0,9958.0
2013,01,31,CZCE,RO,RO303,14300,2.0,92.0,14:52:02.0,10026.0
2013,01,31,CZCE,RO,RO305,345832,23404.0,87856.0,14:59:59.0,9992.0
2013,01,04,CZCE,RS,RS307,217678,154.0,90.0,14:59:59.0,5356.0
2013,01,04,CZCE,RS,RS308,199995,26.0,6.0,14:59:59.0,5370.0
2013,01,04,CZCE,RS,RS309,752365,83848.0,13298.0,14:59:59.0,5346.0
2013,01,04,CZCE,RS,RS311,214885,100.0,122.0,14:59:59.0,5298.0
2013,01,07,CZCE,RS,RS307,307819,326.0,138.0,14:59:59.0,5451.0
2013,01,07,CZCE,RS,RS308,205684,34.0,16.0,14:59:59.0,5461.0
2013,01,07,CZCE,RS,RS309,1002271,205756.0,22276.0,14:59:59.0,5440.0
2013,01,07,CZCE,RS,RS311,293595,232.0,272.0,14:59:59.0,5366.0
2013,01,08,CZCE,RS,RS307,233912,126.0,110.0,14:59:59.0,5432.0
2013,01,08,CZCE,RS,RS308,216735,8.0,22.0,14:59:59.0,5449.0
2013,01,08,CZCE,RS,RS309,764856,96738.0,18808.0,14:59:59.0,5413.0
2013,01,08,CZCE,RS,RS311,212912,16.0,278.0,14:59:59.0,5342.0
2013,01,09,CZCE,RS,RS307,227620,70.0,108.0,14:59:59.0,5458.0
2013,01,09,CZCE,RS,RS308,211218,10.0,16.0,14:59:59.0,5466.0
2013,01,09,CZCE,RS,RS309,779701,100380.0,19830.0,14:59:59.0,5440.0
2013,01,09,CZCE,RS,RS311,207828,238.0,496.0,14:59:59.0,5330.0
2013,01,10,CZCE,RS,RS307,153483,30.0,106.0,14:59:58.0,5493.0
2013,01,10,CZCE,RS,RS308,147075,4.0,16.0,14:59:58.0,5477.0
2013,01,10,CZCE,RS,RS309,637339,54266.0,19510.0,14:59:58.0,5447.0
2013,01,10,CZCE,RS,RS311,132367,44.0,504.0,14:59:59.0,5349.0
2013,01,11,CZCE,RS,RS307,219757,40.0,106.0,14:59:59.0,5455.0
2013,01,11,CZCE,RS,RS308,213819,0.0,16.0,15:00:00.0,5477.0
2013,01,11,CZCE,RS,RS309,829827,91932.0,22176.0,14:59:59.0,5432.0
2013,01,11,CZCE,RS,RS311,194492,248.0,606.0,14:59:59.0,5320.0
2013,01,14,CZCE,RS,RS307,193360,90.0,90.0,14:59:57.0,5483.0
2013,01,14,CZCE,RS,RS308,184444,14.0,6.0,14:59:57.0,5505.0
2013,01,14,CZCE,RS,RS309,744931,76848.0,22410.0,14:59:59.0,5465.0
2013,01,14,CZCE,RS,RS311,188030,174.0,538.0,14:59:57.0,5350.0
2013,01,15,CZCE,RS,RS307,239091,46.0,92.0,14:59:59.0,5457.0
2013,01,15,CZCE,RS,RS308,228888,0.0,6.0,15:00:00.0,5505.0
2013,01,15,CZCE,RS,RS309,903995,142592.0,23262.0,14:59:59.0,5432.0
2013,01,15,CZCE,RS,RS311,201213,572.0,896.0,14:59:59.0,5290.0
2013,01,16,CZCE,RS,RS307,152390,20.0,94.0,14:59:57.0,5479.0
2013,01,16,CZCE,RS,RS308,145759,4.0,2.0,14:59:57.0,5485.0
2013,01,16,CZCE,RS,RS309,632719,62770.0,20802.0,14:59:59.0,5444.0
2013,01,16,CZCE,RS,RS311,149449,108.0,858.0,14:59:57.0,5300.0
2013,01,17,CZCE,RS,RS307,131078,28.0,92.0,14:59:59.0,5440.0
2013,01,17,CZCE,RS,RS308,118496,78.0,16.0,14:59:55.0,5462.0
2013,01,17,CZCE,RS,RS309,551348,41752.0,20310.0,14:59:59.0,5417.0
2013,01,17,CZCE,RS,RS311,119893,186.0,720.0,14:59:59.0,5289.0
2013,01,18,CZCE,RS,RS307,142054,6.0,90.0,14:59:59.0,5463.0
2013,01,18,CZCE,RS,RS308,85154,26.0,26.0,14:59:54.0,5500.0
2013,01,18,CZCE,RS,RS309,624529,64614.0,19986.0,14:59:59.0,5434.0
2013,01,18,CZCE,RS,RS311,142177,58.0,722.0,14:59:59.0,5294.0
2013,01,21,CZCE,RS,RS307,121770,14.0,86.0,14:59:59.0,5453.0
2013,01,21,CZCE,RS,RS308,60688,18.0,18.0,14:59:57.0,5470.0
2013,01,21,CZCE,RS,RS309,485467,41540.0,19674.0,14:59:59.0,5430.0
2013,01,21,CZCE,RS,RS311,114236,80.0,724.0,14:59:59.0,5295.0
2013,01,22,CZCE,RS,RS307,71962,0.0,86.0,15:00:00.0,5453.0
2013,01,22,CZCE,RS,RS308,24702,0.0,18.0,15:00:00.0,5470.0
2013,01,22,CZCE,RS,RS309,346369,22418.0,18444.0,14:59:59.0,5428.0
2013,01,22,CZCE,RS,RS311,67980,122.0,662.0,14:59:59.0,5297.0
2013,01,23,CZCE,RS,RS307,147005,86.0,100.0,14:59:58.0,5490.0
2013,01,23,CZCE,RS,RS308,102717,0.0,18.0,15:00:00.0,5458.0
2013,01,23,CZCE,RS,RS309,849906,181816.0,27594.0,14:59:59.0,5470.0
2013,01,23,CZCE,RS,RS311,157277,262.0,666.0,14:59:58.0,5313.0
2013,01,24,CZCE,RS,RS307,187837,20.0,100.0,14:59:57.0,5363.0
2013,01,24,CZCE,RS,RS308,49133,0.0,18.0,15:00:00.0,5465.0
2013,01,24,CZCE,RS,RS309,763179,152728.0,26634.0,14:59:59.0,5351.0
2013,01,24,CZCE,RS,RS311,183197,340.0,526.0,14:59:57.0,5237.0
2013,01,25,CZCE,RS,RS307,139225,8.0,94.0,14:59:59.0,5385.0
2013,01,25,CZCE,RS,RS308,103245,0.0,18.0,15:00:00.0,5465.0
2013,01,25,CZCE,RS,RS309,578767,66802.0,20234.0,14:59:59.0,5380.0
2013,01,25,CZCE,RS,RS311,120719,54.0,500.0,14:59:59.0,5256.0
2013,01,28,CZCE,RS,RS307,82167,6.0,88.0,14:59:58.0,5400.0
2013,01,28,CZCE,RS,RS308,67019,20.0,18.0,14:59:58.0,5386.0
2013,01,28,CZCE,RS,RS309,388228,25804.0,17934.0,14:59:58.0,5388.0
2013,01,28,CZCE,RS,RS311,75369,28.0,502.0,14:59:58.0,5267.0
2013,01,29,CZCE,RS,RS307,66777,0.0,88.0,15:00:00.0,5400.0
2013,01,29,CZCE,RS,RS308,58565,0.0,18.0,15:00:00.0,5386.0
2013,01,29,CZCE,RS,RS309,351707,18820.0,17592.0,14:59:59.0,5381.0
2013,01,29,CZCE,RS,RS311,68019,74.0,498.0,14:59:00.0,5256.0
2013,01,30,CZCE,RS,RS307,68451,0.0,88.0,15:00:00.0,5391.0
2013,01,30,CZCE,RS,RS308,36992,0.0,18.0,15:00:00.0,5451.0
2013,01,30,CZCE,RS,RS309,321631,18566.0,17028.0,14:59:59.0,5405.0
2013,01,30,CZCE,RS,RS311,66849,16.0,496.0,14:59:58.0,5276.0
2013,01,31,CZCE,RS,RS307,46635,2.0,88.0,14:59:59.0,5430.0
2013,01,31,CZCE,RS,RS308,33805,0.0,18.0,15:00:00.0,5451.0
2013,01,31,CZCE,RS,RS309,233043,10950.0,16536.0,14:59:59.0,5426.0
2013,01,31,CZCE,RS,RS311,39078,18.0,496.0,14:59:59.0,5290.0
2013,01,04,CZCE,SR,SR301,2921,528.0,4222.0,14:52:31.0,5636.0
2013,01,04,CZCE,SR,SR303,112021,18.0,812.0,14:59:59.0,5605.0
2013,01,04,CZCE,SR,SR305,1175126,409880.0,504794.0,14:59:59.0,5564.0
2013,01,04,CZCE,SR,SR307,152375,152.0,390.0,14:59:59.0,5575.0
2013,01,04,CZCE,SR,SR309,842067,196518.0,229406.0,14:59:59.0,5606.0
2013,01,04,CZCE,SR,SR311,120061,44.0,698.0,14:59:59.0,5610.0
2013,01,04,CZCE,SR,SR401,198135,2300.0,7182.0,14:59:59.0,5636.0
2013,01,04,CZCE,SR,SR403,80683,12.0,134.0,14:59:59.0,5630.0
2013,01,04,CZCE,SR,SR405,49526,410.0,1192.0,14:59:58.0,5632.0
2013,01,07,CZCE,SR,SR301,90773,1300.0,4718.0,14:59:12.0,5713.0
2013,01,07,CZCE,SR,SR303,154809,16.0,808.0,14:59:59.0,5687.0
2013,01,07,CZCE,SR,SR305,1377472,990804.0,533156.0,14:59:59.0,5659.0
2013,01,07,CZCE,SR,SR307,207286,82.0,366.0,14:59:59.0,5666.0
2013,01,07,CZCE,SR,SR309,1044680,391006.0,266206.0,14:59:59.0,5670.0
2013,01,07,CZCE,SR,SR311,190226,98.0,638.0,14:59:59.0,5670.0
2013,01,07,CZCE,SR,SR401,250321,5096.0,8176.0,14:59:59.0,5692.0
2013,01,07,CZCE,SR,SR403,88271,24.0,132.0,14:59:59.0,5696.0
2013,01,07,CZCE,SR,SR405,76280,452.0,1232.0,14:59:49.0,5696.0
2013,01,08,CZCE,SR,SR301,2958,596.0,3986.0,14:59:59.0,5721.0
2013,01,08,CZCE,SR,SR303,212394,284.0,840.0,14:59:59.0,5713.0
2013,01,08,CZCE,SR,SR305,1334812,913760.0,559496.0,14:59:59.0,5704.0
2013,01,08,CZCE,SR,SR307,173313,216.0,322.0,14:59:59.0,5687.0
2013,01,08,CZCE,SR,SR309,948396,250072.0,262410.0,14:59:59.0,5685.0
2013,01,08,CZCE,SR,SR311,150241,32.0,628.0,14:59:59.0,5672.0
2013,01,08,CZCE,SR,SR401,230358,2044.0,8356.0,14:59:59.0,5707.0
2013,01,08,CZCE,SR,SR403,82286,12.0,126.0,14:59:36.0,5707.0
2013,01,08,CZCE,SR,SR405,55789,280.0,1160.0,14:59:49.0,5699.0
2013,01,09,CZCE,SR,SR301,3351,286.0,3954.0,14:58:51.0,5689.0
2013,01,09,CZCE,SR,SR303,146160,144.0,890.0,14:59:59.0,5667.0
2013,01,09,CZCE,SR,SR305,1251855,578074.0,498474.0,14:59:59.0,5647.0
2013,01,09,CZCE,SR,SR307,142883,48.0,310.0,14:59:59.0,5633.0
2013,01,09,CZCE,SR,SR309,865577,246950.0,293318.0,14:59:59.0,5616.0
2013,01,09,CZCE,SR,SR311,116574,40.0,642.0,14:59:58.0,5624.0
2013,01,09,CZCE,SR,SR401,163861,1310.0,8742.0,14:59:59.0,5655.0
2013,01,09,CZCE,SR,SR403,68782,8.0,130.0,14:59:58.0,5657.0
2013,01,09,CZCE,SR,SR405,80786,366.0,1284.0,14:59:58.0,5659.0
2013,01,10,CZCE,SR,SR301,6377,562.0,2984.0,14:57:40.0,5692.0
2013,01,10,CZCE,SR,SR303,86268,48.0,888.0,14:59:59.0,5695.0
2013,01,10,CZCE,SR,SR305,1107670,394948.0,501546.0,14:59:59.0,5659.0
2013,01,10,CZCE,SR,SR307,136119,16.0,308.0,14:59:59.0,5657.0
2013,01,10,CZCE,SR,SR309,720962,141192.0,288742.0,14:59:59.0,5621.0
2013,01,10,CZCE,SR,SR311,91523,10.0,644.0,14:59:59.0,5624.0
2013,01,10,CZCE,SR,SR401,159015,1222.0,8596.0,14:59:59.0,5655.0
2013,01,10,CZCE,SR,SR403,23242,2.0,130.0,14:59:59.0,5652.0
2013,01,10,CZCE,SR,SR405,67849,188.0,1202.0,14:59:59.0,5655.0
2013,01,11,CZCE,SR,SR301,2674,430.0,2768.0,14:41:28.0,5693.0
2013,01,11,CZCE,SR,SR303,105260,24.0,886.0,14:59:59.0,5620.0
2013,01,11,CZCE,SR,SR305,1249047,562692.0,479436.0,14:59:59.0,5587.0
2013,01,11,CZCE,SR,SR307,167638,52.0,314.0,14:59:59.0,5570.0
2013,01,11,CZCE,SR,SR309,885338,196302.0,300626.0,14:59:59.0,5564.0
2013,01,11,CZCE,SR,SR311,142191,58.0,640.0,14:59:59.0,5569.0
2013,01,11,CZCE,SR,SR401,208981,2082.0,8740.0,14:59:59.0,5609.0
2013,01,11,CZCE,SR,SR403,78957,8.0,130.0,14:59:59.0,5630.0
2013,01,11,CZCE,SR,SR405,123475,306.0,1238.0,14:59:59.0,5612.0
2013,01,14,CZCE,SR,SR301,2746,404.0,1946.0,14:58:25.0,5644.0
2013,01,14,CZCE,SR,SR303,84574,0.0,886.0,15:00:00.0,5620.0
2013,01,14,CZCE,SR,SR305,1185160,418048.0,464202.0,14:59:59.0,5578.0
2013,01,14,CZCE,SR,SR307,154862,82.0,360.0,14:59:59.0,5575.0
2013,01,14,CZCE,SR,SR309,822255,171234.0,293734.0,14:59:59.0,5579.0
2013,01,14,CZCE,SR,SR311,119921,24.0,644.0,14:59:59.0,5578.0
2013,01,14,CZCE,SR,SR401,225880,1376.0,8884.0,14:59:59.0,5630.0
2013,01,14,CZCE,SR,SR403,68696,50.0,164.0,14:59:25.0,5640.0
2013,01,14,CZCE,SR,SR405,89885,304.0,1250.0,14:59:59.0,5633.0
2013,01,15,CZCE,SR,SR301,661,0.0,1946.0,15:00:00.0,5644.0
2013,01,15,CZCE,SR,SR303,65282,86.0,864.0,14:59:59.0,5581.0
2013,01,15,CZCE,SR,SR305,1064712,364982.0,448566.0,14:59:59.0,5541.0
2013,01,15,CZCE,SR,SR307,126198,46.0,376.0,14:59:59.0,5540.0
2013,01,15,CZCE,SR,SR309,775123,155434.0,295162.0,14:59:59.0,5542.0
2013,01,15,CZCE,SR,SR311,109894,36.0,656.0,14:59:59.0,5547.0
2013,01,15,CZCE,SR,SR401,168508,1820.0,8750.0,14:59:59.0,5600.0
2013,01,15,CZCE,SR,SR403,40403,8.0,158.0,14:59:57.0,5603.0
2013,01,15,CZCE,SR,SR405,93018,268.0,1300.0,14:59:59.0,5603.0
2013,01,16,CZCE,SR,SR301,2115,656.0,1490.0,14:58:44.0,5650.0
2013,01,16,CZCE,SR,SR303,223647,16.0,862.0,14:59:59.0,5587.0
2013,01,16,CZCE,SR,SR305,1077243,371858.0,421344.0,14:59:59.0,5548.0
2013,01,16,CZCE,SR,SR307,133034,88.0,402.0,14:59:59.0,5554.0
2013,01,16,CZCE,SR,SR309,859642,218172.0,311472.0,14:59:59.0,5553.0
2013,01,16,CZCE,SR,SR311,117961,16.0,656.0,14:59:59.0,5556.0
2013,01,16,CZCE,SR,SR401,156602,1012.0,8998.0,14:59:59.0,5617.0
2013,01,16,CZCE,SR,SR403,42932,8.0,158.0,14:59:59.0,5628.0
2013,01,16,CZCE,SR,SR405,100669,286.0,1308.0,14:59:59.0,5621.0
2013,01,17,CZCE,SR,SR301,676,0.0,1410.0,15:00:00.0,5650.0
2013,01,17,CZCE,SR,SR303,147098,48.0,826.0,14:59:59.0,5550.0
2013,01,17,CZCE,SR,SR305,1120137,373068.0,438904.0,14:59:59.0,5512.0
2013,01,17,CZCE,SR,SR307,162761,70.0,380.0,14:59:59.0,5507.0
2013,01,17,CZCE,SR,SR309,851888,197360.0,298172.0,14:59:59.0,5514.0
2013,01,17,CZCE,SR,SR311,118250,50.0,656.0,14:59:59.0,5524.0
2013,01,17,CZCE,SR,SR401,173752,1566.0,8784.0,14:59:59.0,5585.0
2013,01,17,CZCE,SR,SR403,70102,4.0,158.0,14:59:55.0,5599.0
2013,01,17,CZCE,SR,SR405,87771,250.0,1306.0,14:59:59.0,5587.0
2013,01,18,CZCE,SR,SR303,156955,72.0,792.0,14:59:59.0,5580.0
2013,01,18,CZCE,SR,SR305,1012291,277480.0,414604.0,14:59:59.0,5527.0
2013,01,18,CZCE,SR,SR307,159160,70.0,418.0,14:59:59.0,5539.0
2013,01,18,CZCE,SR,SR309,918604,281896.0,343572.0,14:59:59.0,5555.0
2013,01,18,CZCE,SR,SR311,111917,18.0,652.0,14:59:59.0,5565.0
2013,01,18,CZCE,SR,SR401,159806,958.0,8944.0,14:59:59.0,5620.0
2013,01,18,CZCE,SR,SR403,26047,6.0,156.0,14:59:57.0,5618.0
2013,01,18,CZCE,SR,SR405,61991,156.0,1292.0,14:59:57.0,5624.0
2013,01,18,CZCE,SR,SR407,13762,230.0,10.0,14:59:21.0,5611.0
2013,01,21,CZCE,SR,SR303,89715,76.0,854.0,14:59:59.0,5515.0
2013,01,21,CZCE,SR,SR305,1099717,345136.0,411424.0,14:59:59.0,5459.0
2013,01,21,CZCE,SR,SR307,178138,194.0,344.0,14:59:59.0,5453.0
2013,01,21,CZCE,SR,SR309,1156532,459578.0,385558.0,14:59:59.0,5466.0
2013,01,21,CZCE,SR,SR311,144008,36.0,648.0,14:59:59.0,5483.0
2013,01,21,CZCE,SR,SR401,169147,1386.0,9200.0,14:59:59.0,5543.0
2013,01,21,CZCE,SR,SR403,36030,48.0,140.0,14:59:54.0,5545.0
2013,01,21,CZCE,SR,SR405,107979,600.0,1462.0,14:59:54.0,5559.0
2013,01,21,CZCE,SR,SR407,12484,86.0,14.0,14:59:49.0,5552.0
2013,01,22,CZCE,SR,SR303,318728,234.0,854.0,14:59:59.0,5516.0
2013,01,22,CZCE,SR,SR305,1130297,354880.0,393026.0,14:59:59.0,5457.0
2013,01,22,CZCE,SR,SR307,171765,22.0,350.0,14:59:59.0,5473.0
2013,01,22,CZCE,SR,SR309,1224177,659532.0,429278.0,14:59:59.0,5478.0
2013,01,22,CZCE,SR,SR311,128498,22.0,658.0,14:59:59.0,5476.0
2013,01,22,CZCE,SR,SR401,193376,2260.0,9280.0,14:59:59.0,5557.0
2013,01,22,CZCE,SR,SR403,39192,6.0,134.0,14:59:27.0,5559.0
2013,01,22,CZCE,SR,SR405,56997,248.0,1460.0,14:59:50.0,5570.0
2013,01,22,CZCE,SR,SR407,14718,20.0,16.0,14:59:50.0,5572.0
2013,01,23,CZCE,SR,SR303,186456,78.0,864.0,14:59:59.0,5463.0
2013,01,23,CZCE,SR,SR305,1126688,327590.0,392828.0,14:59:59.0,5398.0
2013,01,23,CZCE,SR,SR307,148049,22.0,344.0,14:59:59.0,5415.0
2013,01,23,CZCE,SR,SR309,1253123,635768.0,496356.0,14:59:59.0,5418.0
2013,01,23,CZCE,SR,SR311,105864,28.0,654.0,14:59:59.0,5448.0
2013,01,23,CZCE,SR,SR401,159241,1932.0,9624.0,14:59:59.0,5502.0
2013,01,23,CZCE,SR,SR403,41816,12.0,138.0,14:59:59.0,5520.0
2013,01,23,CZCE,SR,SR405,73848,858.0,1582.0,14:59:59.0,5516.0
2013,01,23,CZCE,SR,SR407,32182,20.0,12.0,14:59:15.0,5546.0
2013,01,24,CZCE,SR,SR303,152117,18.0,862.0,14:59:59.0,5467.0
2013,01,24,CZCE,SR,SR305,988859,206782.0,373546.0,14:59:59.0,5415.0
2013,01,24,CZCE,SR,SR307,140270,72.0,288.0,14:59:59.0,5415.0
2013,01,24,CZCE,SR,SR309,1199312,454178.0,530720.0,14:59:59.0,5435.0
2013,01,24,CZCE,SR,SR311,97798,12.0,656.0,14:59:59.0,5457.0
2013,01,24,CZCE,SR,SR401,130821,1830.0,9926.0,14:59:59.0,5528.0
2013,01,24,CZCE,SR,SR403,21770,10.0,130.0,14:59:54.0,5542.0
2013,01,24,CZCE,SR,SR405,33637,368.0,1532.0,14:59:54.0,5539.0
2013,01,24,CZCE,SR,SR407,12723,2.0,12.0,14:58:13.0,5570.0
2013,01,25,CZCE,SR,SR303,91233,106.0,880.0,14:59:59.0,5442.0
2013,01,25,CZCE,SR,SR305,981439,214292.0,369668.0,14:59:59.0,5379.0
2013,01,25,CZCE,SR,SR307,157461,128.0,306.0,14:59:59.0,5392.0
2013,01,25,CZCE,SR,SR309,1246424,573132.0,545842.0,14:59:59.0,5412.0
2013,01,25,CZCE,SR,SR311,105316,12.0,660.0,14:59:59.0,5438.0
2013,01,25,CZCE,SR,SR401,150506,1852.0,10754.0,14:59:59.0,5513.0
2013,01,25,CZCE,SR,SR403,90662,12.0,130.0,14:59:59.0,5524.0
2013,01,25,CZCE,SR,SR405,103050,262.0,1564.0,14:59:59.0,5530.0
2013,01,25,CZCE,SR,SR407,12561,0.0,12.0,15:00:00.0,5570.0
2013,01,28,CZCE,SR,SR303,127540,60.0,868.0,14:59:59.0,5372.0
2013,01,28,CZCE,SR,SR305,1042524,276944.0,347630.0,14:59:59.0,5320.0
2013,01,28,CZCE,SR,SR307,163002,674.0,634.0,14:59:59.0,5333.0
2013,01,28,CZCE,SR,SR309,1339068,915668.0,617636.0,14:59:59.0,5328.0
2013,01,28,CZCE,SR,SR311,126096,68.0,692.0,14:59:59.0,5367.0
2013,01,28,CZCE,SR,SR401,187843,3754.0,11060.0,14:59:58.0,5432.0
2013,01,28,CZCE,SR,SR403,46452,2.0,130.0,14:59:41.0,5492.0
2013,01,28,CZCE,SR,SR405,94652,368.0,1668.0,14:59:50.0,5451.0
2013,01,28,CZCE,SR,SR407,12183,2.0,14.0,14:59:41.0,5490.0
2013,01,29,CZCE,SR,SR303,103599,66.0,880.0,14:59:59.0,5388.0
2013,01,29,CZCE,SR,SR305,741235,102494.0,340886.0,14:59:59.0,5323.0
2013,01,29,CZCE,SR,SR307,133783,108.0,640.0,14:59:59.0,5342.0
2013,01,29,CZCE,SR,SR309,1210798,474236.0,585030.0,14:59:59.0,5340.0
2013,01,29,CZCE,SR,SR311,88291,20.0,698.0,14:59:59.0,5381.0
2013,01,29,CZCE,SR,SR401,114592,1392.0,11218.0,14:59:59.0,5443.0
2013,01,29,CZCE,SR,SR403,26927,8.0,132.0,14:59:44.0,5447.0
2013,01,29,CZCE,SR,SR405,36754,210.0,1646.0,14:59:59.0,5465.0
2013,01,29,CZCE,SR,SR407,9429,4.0,14.0,14:48:22.0,5475.0
2013,01,30,CZCE,SR,SR303,116311,90.0,946.0,14:59:57.0,5418.0
2013,01,30,CZCE,SR,SR305,1002182,222334.0,309984.0,14:59:59.0,5353.0
2013,01,30,CZCE,SR,SR307,188714,76.0,616.0,14:59:59.0,5372.0
2013,01,30,CZCE,SR,SR309,1442499,1202060.0,596548.0,14:59:59.0,5372.0
2013,01,30,CZCE,SR,SR311,138911,30.0,698.0,14:59:59.0,5405.0
2013,01,30,CZCE,SR,SR401,190277,3874.0,12562.0,14:59:59.0,5481.0
2013,01,30,CZCE,SR,SR403,41185,14.0,124.0,14:59:54.0,5511.0
2013,01,30,CZCE,SR,SR405,135258,584.0,1922.0,14:59:59.0,5501.0
2013,01,30,CZCE,SR,SR407,6940,44.0,16.0,14:59:23.0,5525.0
2013,01,31,CZCE,SR,SR303,99975,22.0,940.0,14:59:59.0,5461.0
2013,01,31,CZCE,SR,SR305,759911,119846.0,301920.0,14:59:59.0,5404.0
2013,01,31,CZCE,SR,SR307,116427,38.0,614.0,14:59:59.0,5420.0
2013,01,31,CZCE,SR,SR309,1305647,745890.0,556210.0,14:59:59.0,5435.0
2013,01,31,CZCE,SR,SR311,93865,18.0,698.0,14:59:59.0,5464.0
2013,01,31,CZCE,SR,SR401,138617,1626.0,12704.0,14:59:59.0,5550.0
2013,01,31,CZCE,SR,SR403,31133,20.0,116.0,14:59:42.0,5563.0
2013,01,31,CZCE,SR,SR405,96426,202.0,1954.0,14:59:50.0,5566.0
2013,01,31,CZCE,SR,SR407,22630,52.0,18.0,14:59:59.0,5605.0
2013,01,04,CZCE,TA,TA301,92337,2422.0,9924.0,14:29:16.0,8798.0
2013,01,04,CZCE,TA,TA302,128138,38.0,732.0,14:59:59.0,8632.0
2013,01,04,CZCE,TA,TA303,149319,28.0,456.0,14:59:59.0,8648.0
2013,01,04,CZCE,TA,TA304,123883,60.0,1152.0,14:59:59.0,8660.0
2013,01,04,CZCE,TA,TA305,1296095,507934.0,428322.0,14:59:59.0,8568.0
2013,01,04,CZCE,TA,TA306,119328,86.0,46.0,14:59:59.0,8544.0
2013,01,04,CZCE,TA,TA307,142755,4.0,24.0,14:59:59.0,8526.0
2013,01,04,CZCE,TA,TA308,97400,0.0,70.0,15:00:00.0,8470.0
2013,01,04,CZCE,TA,TA309,439643,23058.0,36726.0,14:59:59.0,8524.0
2013,01,04,CZCE,TA,TA310,67641,0.0,12.0,15:00:00.0,8400.0
2013,01,04,CZCE,TA,TA311,87026,0.0,4.0,15:00:00.0,8320.0
2013,01,04,CZCE,TA,TA312,107200,0.0,4.0,15:00:00.0,8456.0
2013,01,07,CZCE,TA,TA301,47820,1736.0,9768.0,14:52:51.0,8940.0
2013,01,07,CZCE,TA,TA302,156857,738.0,1456.0,14:59:59.0,8690.0
2013,01,07,CZCE,TA,TA303,144701,230.0,632.0,14:59:59.0,8690.0
2013,01,07,CZCE,TA,TA304,162889,574.0,1206.0,14:59:59.0,8706.0
2013,01,07,CZCE,TA,TA305,1377036,887378.0,462864.0,14:59:59.0,8686.0
2013,01,07,CZCE,TA,TA306,160194,6.0,46.0,14:59:59.0,8690.0
2013,01,07,CZCE,TA,TA307,121530,0.0,24.0,15:00:00.0,8526.0
2013,01,07,CZCE,TA,TA308,131003,74.0,62.0,14:59:56.0,8602.0
2013,01,07,CZCE,TA,TA309,512828,31150.0,39032.0,14:59:59.0,8594.0
2013,01,07,CZCE,TA,TA310,76708,0.0,12.0,15:00:00.0,8446.0
2013,01,07,CZCE,TA,TA311,89495,2.0,2.0,14:59:56.0,8648.0
2013,01,07,CZCE,TA,TA312,128712,0.0,4.0,15:00:00.0,8416.0
2013,01,08,CZCE,TA,TA301,74603,1012.0,9144.0,14:59:51.0,9004.0
2013,01,08,CZCE,TA,TA302,197353,676.0,2092.0,14:59:48.0,8712.0
2013,01,08,CZCE,TA,TA303,151391,4.0,630.0,14:59:59.0,8752.0
2013,01,08,CZCE,TA,TA304,198226,96.0,1216.0,14:59:59.0,8758.0
2013,01,08,CZCE,TA,TA305,1388139,950086.0,454740.0,14:59:59.0,8670.0
2013,01,08,CZCE,TA,TA306,161834,188.0,60.0,14:59:59.0,8640.0
2013,01,08,CZCE,TA,TA307,172239,2.0,24.0,14:59:59.0,8614.0
2013,01,08,CZCE,TA,TA308,171537,2.0,62.0,14:59:59.0,8620.0
2013,01,08,CZCE,TA,TA309,500617,27266.0,39378.0,14:59:59.0,8550.0
2013,01,08,CZCE,TA,TA310,75849,4.0,12.0,14:59:41.0,8518.0
2013,01,08,CZCE,TA,TA311,129209,0.0,2.0,15:00:00.0,8648.0
2013,01,08,CZCE,TA,TA312,135502,0.0,4.0,15:00:00.0,8530.0
2013,01,09,CZCE,TA,TA301,32137,3506.0,5256.0,14:40:30.0,9054.0
2013,01,09,CZCE,TA,TA302,43522,1096.0,2950.0,14:59:48.0,8700.0
2013,01,09,CZCE,TA,TA303,111599,160.0,584.0,14:59:59.0,8668.0
2013,01,09,CZCE,TA,TA304,156145,778.0,1218.0,14:59:59.0,8658.0
2013,01,09,CZCE,TA,TA305,1372845,887866.0,440808.0,14:59:59.0,8574.0
2013,01,09,CZCE,TA,TA306,136182,38.0,62.0,14:59:59.0,8530.0
2013,01,09,CZCE,TA,TA307,139343,10.0,24.0,14:59:59.0,8520.0
2013,01,09,CZCE,TA,TA308,125691,8.0,60.0,14:59:59.0,8454.0
2013,01,09,CZCE,TA,TA309,475439,33264.0,40886.0,14:59:59.0,8456.0
2013,01,09,CZCE,TA,TA310,89781,0.0,12.0,15:00:00.0,8518.0
2013,01,09,CZCE,TA,TA311,93479,0.0,2.0,15:00:00.0,8534.0
2013,01,09,CZCE,TA,TA312,84726,2.0,2.0,14:59:59.0,8456.0
2013,01,10,CZCE,TA,TA301,12127,442.0,4054.0,14:57:28.0,8990.0
2013,01,10,CZCE,TA,TA302,55991,572.0,3482.0,14:59:48.0,8680.0
2013,01,10,CZCE,TA,TA303,90184,20.0,568.0,14:59:59.0,8694.0
2013,01,10,CZCE,TA,TA304,120812,128.0,1230.0,14:59:59.0,8670.0
2013,01,10,CZCE,TA,TA305,1221504,483108.0,407540.0,14:59:59.0,8566.0
2013,01,10,CZCE,TA,TA306,79144,8.0,58.0,14:59:59.0,8520.0
2013,01,10,CZCE,TA,TA307,99015,8.0,26.0,14:59:59.0,8498.0
2013,01,10,CZCE,TA,TA308,79902,6.0,58.0,14:59:56.0,8476.0
2013,01,10,CZCE,TA,TA309,305244,19652.0,40326.0,14:59:59.0,8470.0
2013,01,10,CZCE,TA,TA310,59865,0.0,12.0,15:00:00.0,8430.0
2013,01,10,CZCE,TA,TA311,58387,2.0,4.0,14:59:56.0,8424.0
2013,01,10,CZCE,TA,TA312,59288,0.0,2.0,15:00:00.0,8456.0
2013,01,11,CZCE,TA,TA301,58742,1216.0,3516.0,14:56:19.0,9006.0
2013,01,11,CZCE,TA,TA302,101927,706.0,4110.0,14:59:48.0,8654.0
2013,01,11,CZCE,TA,TA303,154952,40.0,592.0,14:59:59.0,8588.0
2013,01,11,CZCE,TA,TA304,152268,260.0,1296.0,14:59:59.0,8546.0
2013,01,11,CZCE,TA,TA305,1313045,727624.0,369824.0,14:59:59.0,8442.0
2013,01,11,CZCE,TA,TA306,157442,216.0,54.0,14:59:59.0,8482.0
2013,01,11,CZCE,TA,TA307,194649,8.0,22.0,14:59:59.0,8408.0
2013,01,11,CZCE,TA,TA308,147616,8.0,58.0,14:59:58.0,8372.0
2013,01,11,CZCE,TA,TA309,513174,34692.0,40700.0,14:59:59.0,8318.0
2013,01,11,CZCE,TA,TA310,119913,0.0,12.0,15:00:00.0,8430.0
2013,01,11,CZCE,TA,TA311,132428,0.0,4.0,15:00:00.0,8424.0
2013,01,11,CZCE,TA,TA312,116007,0.0,2.0,15:00:00.0,8450.0
2013,01,14,CZCE,TA,TA301,85997,858.0,3492.0,14:59:59.0,9044.0
2013,01,14,CZCE,TA,TA302,69692,36.0,4122.0,14:59:59.0,8696.0
2013,01,14,CZCE,TA,TA303,110593,2.0,592.0,14:59:59.0,8650.0
2013,01,14,CZCE,TA,TA304,169227,168.0,1128.0,14:59:59.0,8620.0
2013,01,14,CZCE,TA,TA305,1274103,619756.0,380516.0,14:59:59.0,8526.0
2013,01,14,CZCE,TA,TA306,132422,2.0,54.0,14:59:59.0,8422.0
2013,01,14,CZCE,TA,TA307,129417,4.0,20.0,14:59:57.0,8450.0
2013,01,14,CZCE,TA,TA308,138921,0.0,58.0,15:00:00.0,8372.0
2013,01,14,CZCE,TA,TA309,410017,22050.0,40414.0,14:59:59.0,8398.0
2013,01,14,CZCE,TA,TA310,106737,4.0,12.0,14:59:58.0,8282.0
2013,01,14,CZCE,TA,TA311,119973,0.0,4.0,15:00:00.0,8300.0
2013,01,14,CZCE,TA,TA312,85470,4.0,2.0,14:59:57.0,8162.0
2013,01,15,CZCE,TA,TA301,110688,94.0,3230.0,14:59:59.0,9022.0
2013,01,15,CZCE,TA,TA302,48355,622.0,4298.0,14:59:57.0,8666.0
2013,01,15,CZCE,TA,TA303,175141,66.0,600.0,14:59:59.0,8540.0
2013,01,15,CZCE,TA,TA304,271074,212.0,1054.0,14:59:59.0,8494.0
2013,01,15,CZCE,TA,TA305,1368196,1021918.0,407180.0,14:59:59.0,8376.0
2013,01,15,CZCE,TA,TA306,167810,44.0,92.0,14:59:59.0,8318.0
2013,01,15,CZCE,TA,TA307,190005,2.0,20.0,14:59:59.0,8404.0
2013,01,15,CZCE,TA,TA308,149760,68.0,56.0,14:59:59.0,8342.0
2013,01,15,CZCE,TA,TA309,547814,44840.0,45818.0,14:59:59.0,8252.0
2013,01,15,CZCE,TA,TA310,143241,0.0,12.0,15:00:00.0,8282.0
2013,01,15,CZCE,TA,TA311,140484,0.0,4.0,15:00:00.0,8300.0
2013,01,15,CZCE,TA,TA312,106776,0.0,2.0,15:00:00.0,8162.0
2013,01,16,CZCE,TA,TA301,127872,16.0,2794.0,14:59:59.0,8850.0
2013,01,16,CZCE,TA,TA302,96058,232.0,4438.0,14:59:59.0,8590.0
2013,01,16,CZCE,TA,TA303,110884,94.0,688.0,14:59:59.0,8540.0
2013,01,16,CZCE,TA,TA304,145427,88.0,1014.0,14:59:59.0,8480.0
2013,01,16,CZCE,TA,TA305,1264279,633116.0,379024.0,14:59:59.0,8392.0
2013,01,16,CZCE,TA,TA306,133973,8.0,92.0,14:59:59.0,8304.0
2013,01,16,CZCE,TA,TA307,137679,0.0,20.0,15:00:00.0,8404.0
2013,01,16,CZCE,TA,TA308,152216,10.0,58.0,14:59:58.0,8238.0
2013,01,16,CZCE,TA,TA309,413812,24642.0,44948.0,14:59:59.0,8260.0
2013,01,16,CZCE,TA,TA310,82923,0.0,12.0,15:00:00.0,8230.0
2013,01,16,CZCE,TA,TA311,111016,0.0,4.0,15:00:00.0,8230.0
2013,01,16,CZCE,TA,TA312,77891,0.0,2.0,15:00:00.0,8230.0
2013,01,17,CZCE,TA,TA301,75905,16.0,2798.0,14:23:34.0,8906.0
2013,01,17,CZCE,TA,TA302,68486,154.0,4468.0,14:59:54.0,8662.0
2013,01,17,CZCE,TA,TA303,125102,0.0,688.0,15:00:00.0,8540.0
2013,01,17,CZCE,TA,TA304,170591,16.0,998.0,14:59:59.0,8496.0
2013,01,17,CZCE,TA,TA305,1238648,555608.0,384678.0,14:59:59.0,8412.0
2013,01,17,CZCE,TA,TA306,126975,4.0,88.0,14:59:59.0,8360.0
2013,01,17,CZCE,TA,TA307,110625,0.0,20.0,15:00:00.0,8350.0
2013,01,17,CZCE,TA,TA308,152151,2.0,56.0,14:59:59.0,8302.0
2013,01,17,CZCE,TA,TA309,436537,26272.0,45474.0,14:59:59.0,8284.0
2013,01,17,CZCE,TA,TA310,115647,0.0,12.0,15:00:00.0,8230.0
2013,01,17,CZCE,TA,TA311,112076,0.0,4.0,15:00:00.0,8230.0
2013,01,17,CZCE,TA,TA312,72909,0.0,2.0,15:00:00.0,8230.0
2013,01,18,CZCE,TA,TA302,92733,96.0,4512.0,14:59:59.0,8704.0
2013,01,18,CZCE,TA,TA303,102647,108.0,628.0,14:59:58.0,8670.0
2013,01,18,CZCE,TA,TA304,131250,230.0,816.0,14:59:59.0,8630.0
2013,01,18,CZCE,TA,TA305,1287619,774086.0,404950.0,14:59:59.0,8560.0
2013,01,18,CZCE,TA,TA306,123165,26.0,82.0,14:59:59.0,8514.0
2013,01,18,CZCE,TA,TA307,137895,4.0,20.0,14:59:59.0,8386.0
2013,01,18,CZCE,TA,TA308,105495,0.0,56.0,15:00:00.0,8302.0
2013,01,18,CZCE,TA,TA309,408073,33570.0,43194.0,14:59:59.0,8404.0
2013,01,18,CZCE,TA,TA310,95451,2.0,12.0,14:59:59.0,8352.0
2013,01,18,CZCE,TA,TA311,100910,0.0,4.0,15:00:00.0,8230.0
2013,01,18,CZCE,TA,TA312,31713,2.0,2.0,14:59:59.0,8390.0
2013,01,18,CZCE,TA,TA401,93217,8.0,6.0,14:59:59.0,8350.0
2013,01,21,CZCE,TA,TA302,36309,188.0,4618.0,14:59:59.0,8662.0
2013,01,21,CZCE,TA,TA303,94957,8.0,632.0,14:59:59.0,8664.0
2013,01,21,CZCE,TA,TA304,143349,36.0,784.0,14:59:59.0,8596.0
2013,01,21,CZCE,TA,TA305,1084415,378472.0,376544.0,14:59:59.0,8504.0
2013,01,21,CZCE,TA,TA306,88124,8.0,80.0,14:59:59.0,8448.0
2013,01,21,CZCE,TA,TA307,77088,0.0,20.0,15:00:00.0,8386.0
2013,01,21,CZCE,TA,TA308,96125,18.0,60.0,14:59:59.0,8418.0
2013,01,21,CZCE,TA,TA309,332003,25016.0,43564.0,14:59:59.0,8378.0
2013,01,21,CZCE,TA,TA310,88161,0.0,12.0,15:00:00.0,8352.0
2013,01,21,CZCE,TA,TA311,90346,2.0,2.0,14:59:56.0,8308.0
2013,01,21,CZCE,TA,TA312,76976,0.0,2.0,15:00:00.0,8390.0
2013,01,21,CZCE,TA,TA401,85489,32.0,28.0,14:59:59.0,8318.0
2013,01,22,CZCE,TA,TA302,52163,308.0,4740.0,14:59:48.0,8630.0
2013,01,22,CZCE,TA,TA303,105160,100.0,632.0,14:59:59.0,8580.0
2013,01,22,CZCE,TA,TA304,134843,224.0,746.0,14:59:59.0,8524.0
2013,01,22,CZCE,TA,TA305,1326421,817626.0,386484.0,14:59:59.0,8440.0
2013,01,22,CZCE,TA,TA306,119572,18.0,82.0,14:59:59.0,8474.0
2013,01,22,CZCE,TA,TA307,123207,0.0,20.0,15:00:00.0,8416.0
2013,01,22,CZCE,TA,TA308,130227,8.0,64.0,14:59:57.0,8324.0
2013,01,22,CZCE,TA,TA309,492222,45216.0,50232.0,14:59:59.0,8326.0
2013,01,22,CZCE,TA,TA310,122937,8.0,14.0,14:59:57.0,8298.0
2013,01,22,CZCE,TA,TA311,129650,20.0,4.0,14:59:54.0,8210.0
2013,01,22,CZCE,TA,TA312,109738,0.0,2.0,15:00:00.0,8368.0
2013,01,22,CZCE,TA,TA401,132806,54.0,38.0,14:59:57.0,8266.0
2013,01,23,CZCE,TA,TA302,46903,306.0,4768.0,14:59:57.0,8648.0
2013,01,23,CZCE,TA,TA303,87437,84.0,634.0,14:59:59.0,8602.0
2013,01,23,CZCE,TA,TA304,140404,28.0,726.0,14:59:59.0,8534.0
2013,01,23,CZCE,TA,TA305,1160038,474190.0,405870.0,14:59:59.0,8456.0
2013,01,23,CZCE,TA,TA306,93752,134.0,108.0,14:59:59.0,8410.0
2013,01,23,CZCE,TA,TA307,99771,0.0,20.0,15:00:00.0,8388.0
2013,01,23,CZCE,TA,TA308,93237,6.0,62.0,14:59:59.0,8336.0
2013,01,23,CZCE,TA,TA309,360297,21592.0,49728.0,14:59:59.0,8332.0
2013,01,23,CZCE,TA,TA310,86433,4.0,10.0,14:59:59.0,8284.0
2013,01,23,CZCE,TA,TA311,75742,10.0,4.0,14:59:59.0,8318.0
2013,01,23,CZCE,TA,TA312,79319,0.0,2.0,15:00:00.0,8338.0
2013,01,23,CZCE,TA,TA401,96546,76.0,80.0,14:59:59.0,8280.0
2013,01,24,CZCE,TA,TA302,88366,526.0,4988.0,14:59:56.0,8650.0
2013,01,24,CZCE,TA,TA303,164385,20.0,628.0,14:59:59.0,8602.0
2013,01,24,CZCE,TA,TA304,148488,38.0,720.0,14:59:59.0,8586.0
2013,01,24,CZCE,TA,TA305,1335610,1002706.0,405442.0,14:59:59.0,8488.0
2013,01,24,CZCE,TA,TA306,150614,102.0,146.0,14:59:59.0,8430.0
2013,01,24,CZCE,TA,TA307,155661,0.0,20.0,15:00:00.0,8388.0
2013,01,24,CZCE,TA,TA308,155899,48.0,46.0,14:59:57.0,8354.0
2013,01,24,CZCE,TA,TA309,521949,48176.0,47050.0,14:59:59.0,8352.0
2013,01,24,CZCE,TA,TA310,138921,0.0,10.0,15:00:00.0,8284.0
2013,01,24,CZCE,TA,TA311,142445,0.0,4.0,15:00:00.0,8318.0
2013,01,24,CZCE,TA,TA312,127917,0.0,2.0,15:00:00.0,8338.0
2013,01,24,CZCE,TA,TA401,148303,54.0,92.0,14:59:57.0,8292.0
2013,01,25,CZCE,TA,TA302,92806,878.0,5340.0,14:59:54.0,8718.0
2013,01,25,CZCE,TA,TA303,116876,70.0,628.0,14:59:55.0,8664.0
2013,01,25,CZCE,TA,TA304,118813,152.0,656.0,14:59:59.0,8638.0
2013,01,25,CZCE,TA,TA305,1343415,852760.0,409220.0,14:59:59.0,8542.0
2013,01,25,CZCE,TA,TA306,175343,8.0,148.0,14:59:59.0,8498.0
2013,01,25,CZCE,TA,TA307,107979,0.0,20.0,15:00:00.0,8388.0
2013,01,25,CZCE,TA,TA308,140433,4.0,46.0,14:59:59.0,8394.0
2013,01,25,CZCE,TA,TA309,441952,31988.0,43160.0,14:59:59.0,8390.0
2013,01,25,CZCE,TA,TA310,105387,0.0,10.0,15:00:00.0,8294.0
2013,01,25,CZCE,TA,TA311,113613,0.0,4.0,15:00:00.0,8322.0
2013,01,25,CZCE,TA,TA312,91771,0.0,2.0,15:00:00.0,8338.0
2013,01,25,CZCE,TA,TA401,122863,94.0,104.0,14:59:49.0,8344.0
2013,01,28,CZCE,TA,TA302,108042,264.0,5556.0,14:59:59.0,8780.0
2013,01,28,CZCE,TA,TA303,114519,144.0,630.0,14:59:59.0,8724.0
2013,01,28,CZCE,TA,TA304,111619,36.0,660.0,14:59:59.0,8680.0
2013,01,28,CZCE,TA,TA305,1242999,652808.0,427120.0,14:59:59.0,8626.0
2013,01,28,CZCE,TA,TA306,125442,50.0,130.0,14:59:59.0,8572.0
2013,01,28,CZCE,TA,TA307,111381,2.0,20.0,14:59:59.0,8502.0
2013,01,28,CZCE,TA,TA308,126501,4.0,44.0,14:59:59.0,8480.0
2013,01,28,CZCE,TA,TA309,465831,33410.0,46686.0,14:59:59.0,8492.0
2013,01,28,CZCE,TA,TA310,93291,0.0,10.0,15:00:00.0,8340.0
2013,01,28,CZCE,TA,TA311,112500,0.0,4.0,15:00:00.0,8350.0
2013,01,28,CZCE,TA,TA312,102265,0.0,2.0,15:00:00.0,8338.0
2013,01,28,CZCE,TA,TA401,163787,54.0,96.0,14:57:40.0,8426.0
2013,01,29,CZCE,TA,TA302,102384,150.0,5622.0,14:59:59.0,8798.0
2013,01,29,CZCE,TA,TA303,96704,8.0,630.0,14:59:59.0,8748.0
2013,01,29,CZCE,TA,TA304,96883,12.0,658.0,14:59:59.0,8702.0
2013,01,29,CZCE,TA,TA305,1194511,523864.0,416068.0,14:59:59.0,8644.0
2013,01,29,CZCE,TA,TA306,96856,56.0,108.0,14:59:59.0,8574.0
2013,01,29,CZCE,TA,TA307,115269,0.0,20.0,15:00:00.0,8502.0
2013,01,29,CZCE,TA,TA308,106089,2.0,42.0,14:59:58.0,8498.0
2013,01,29,CZCE,TA,TA309,470329,38554.0,47960.0,14:59:59.0,8506.0
2013,01,29,CZCE,TA,TA310,94371,0.0,10.0,15:00:00.0,8436.0
2013,01,29,CZCE,TA,TA311,96759,0.0,4.0,15:00:00.0,8436.0
2013,01,29,CZCE,TA,TA312,82711,0.0,2.0,15:00:00.0,8420.0
2013,01,29,CZCE,TA,TA401,165405,130.0,158.0,14:59:58.0,8458.0
2013,01,30,CZCE,TA,TA302,57641,180.0,5682.0,14:59:55.0,8838.0
2013,01,30,CZCE,TA,TA303,80342,2.0,630.0,14:59:59.0,8766.0
2013,01,30,CZCE,TA,TA304,86441,4.0,658.0,14:59:59.0,8712.0
2013,01,30,CZCE,TA,TA305,1181618,473642.0,408880.0,14:59:59.0,8676.0
2013,01,30,CZCE,TA,TA306,107899,30.0,82.0,14:59:59.0,8608.0
2013,01,30,CZCE,TA,TA307,68451,0.0,20.0,15:00:00.0,8568.0
2013,01,30,CZCE,TA,TA308,83679,0.0,42.0,15:00:00.0,8498.0
2013,01,30,CZCE,TA,TA309,440608,38620.0,51452.0,14:59:59.0,8548.0
2013,01,30,CZCE,TA,TA310,69747,0.0,10.0,15:00:00.0,8458.0
2013,01,30,CZCE,TA,TA311,74923,0.0,4.0,15:00:00.0,8470.0
2013,01,30,CZCE,TA,TA312,26319,0.0,2.0,15:00:00.0,8454.0
2013,01,30,CZCE,TA,TA401,93397,38.0,166.0,14:59:59.0,8478.0
2013,01,31,CZCE,TA,TA302,54420,228.0,5636.0,14:59:51.0,8832.0
2013,01,31,CZCE,TA,TA303,109180,42.0,636.0,14:59:59.0,8772.0
2013,01,31,CZCE,TA,TA304,101324,48.0,648.0,14:59:59.0,8740.0
2013,01,31,CZCE,TA,TA305,1299102,696338.0,415450.0,14:59:59.0,8656.0
2013,01,31,CZCE,TA,TA306,105587,22.0,84.0,14:59:59.0,8606.0
2013,01,31,CZCE,TA,TA307,114513,6.0,24.0,14:59:59.0,8606.0
2013,01,31,CZCE,TA,TA308,122775,4.0,46.0,14:59:59.0,8588.0
2013,01,31,CZCE,TA,TA309,577368,61904.0,55846.0,14:59:59.0,8566.0
2013,01,31,CZCE,TA,TA310,100797,2.0,10.0,14:59:57.0,8508.0
2013,01,31,CZCE,TA,TA311,103967,0.0,4.0,15:00:00.0,8500.0
2013,01,31,CZCE,TA,TA312,96650,0.0,2.0,15:00:00.0,8472.0
2013,01,31,CZCE,TA,TA401,140451,70.0,160.0,14:59:59.0,8492.0
2013,01,04,CZCE,WH,WH307,12575,4.0,1444.0,14:59:56.0,2628.0
2013,01,04,CZCE,WH,WH309,9467,258.0,8510.0,14:59:24.0,2688.0
2013,01,04,CZCE,WH,WH311,4432,4.0,132.0,14:59:06.0,2722.0
2013,01,07,CZCE,WH,WH307,10524,10.0,1434.0,14:59:04.0,2625.0
2013,01,07,CZCE,WH,WH309,28622,952.0,9050.0,14:59:58.0,2694.0
2013,01,07,CZCE,WH,WH311,13402,26.0,152.0,14:59:04.0,2725.0
2013,01,08,CZCE,WH,WH307,7061,20.0,1436.0,14:55:27.0,2647.0
2013,01,08,CZCE,WH,WH309,32850,1554.0,10076.0,14:58:26.0,2707.0
2013,01,08,CZCE,WH,WH311,13325,36.0,184.0,14:55:09.0,2735.0
2013,01,09,CZCE,WH,WH307,18605,16.0,1438.0,14:59:58.0,2636.0
2013,01,09,CZCE,WH,WH309,31695,1848.0,11526.0,14:59:58.0,2689.0
2013,01,09,CZCE,WH,WH311,14552,2.0,186.0,14:59:58.0,2720.0
2013,01,10,CZCE,WH,WH307,12460,12.0,1444.0,14:56:52.0,2623.0
2013,01,10,CZCE,WH,WH309,35262,4450.0,13854.0,14:59:31.0,2677.0
2013,01,10,CZCE,WH,WH311,13562,6.0,188.0,14:56:59.0,2704.0
2013,01,11,CZCE,WH,WH307,8487,0.0,1444.0,15:00:00.0,2623.0
2013,01,11,CZCE,WH,WH309,23066,1200.0,14082.0,14:59:49.0,2674.0
2013,01,11,CZCE,WH,WH311,10262,8.0,190.0,14:59:49.0,2707.0
2013,01,14,CZCE,WH,WH307,14591,4.0,1444.0,14:59:55.0,2607.0
2013,01,14,CZCE,WH,WH309,38424,2026.0,14192.0,14:59:55.0,2665.0
2013,01,14,CZCE,WH,WH311,24562,0.0,190.0,15:00:00.0,2707.0
2013,01,15,CZCE,WH,WH307,6751,0.0,1444.0,15:00:00.0,2607.0
2013,01,15,CZCE,WH,WH309,29637,2068.0,15034.0,14:59:57.0,2669.0
2013,01,15,CZCE,WH,WH311,11747,2.0,192.0,14:59:52.0,2690.0
2013,01,16,CZCE,WH,WH307,21653,18.0,1446.0,14:59:00.0,2601.0
2013,01,16,CZCE,WH,WH309,49991,3046.0,14482.0,14:59:57.0,2662.0
2013,01,16,CZCE,WH,WH311,24012,8.0,184.0,14:59:56.0,2698.0
2013,01,17,CZCE,WH,WH307,21875,6.0,1450.0,14:59:50.0,2608.0
2013,01,17,CZCE,WH,WH309,24967,1676.0,13834.0,14:59:58.0,2664.0
2013,01,17,CZCE,WH,WH311,11912,2.0,182.0,14:59:50.0,2702.0
2013,01,18,CZCE,WH,WH307,19127,20.0,1444.0,14:59:47.0,2597.0
2013,01,18,CZCE,WH,WH309,13697,384.0,13858.0,14:59:49.0,2667.0
2013,01,18,CZCE,WH,WH311,5642,2.0,180.0,14:59:49.0,2698.0
2013,01,21,CZCE,WH,WH307,20023,0.0,1444.0,15:00:00.0,2597.0
2013,01,21,CZCE,WH,WH309,22463,1376.0,13892.0,14:59:50.0,2652.0
2013,01,21,CZCE,WH,WH311,10152,4.0,176.0,14:59:50.0,2687.0
2013,01,22,CZCE,WH,WH307,6857,22.0,1434.0,14:58:07.0,2589.0
2013,01,22,CZCE,WH,WH309,36462,1616.0,13906.0,14:59:39.0,2651.0
2013,01,22,CZCE,WH,WH311,23629,6.0,174.0,14:59:54.0,2684.0
2013,01,23,CZCE,WH,WH307,3967,6.0,1428.0,14:59:46.0,2581.0
2013,01,23,CZCE,WH,WH309,27689,1416.0,14246.0,14:59:52.0,2640.0
2013,01,23,CZCE,WH,WH311,24452,4.0,174.0,14:59:52.0,2664.0
2013,01,24,CZCE,WH,WH307,22812,116.0,1358.0,14:58:08.0,2563.0
2013,01,24,CZCE,WH,WH309,54659,3936.0,14832.0,14:59:59.0,2620.0
2013,01,24,CZCE,WH,WH311,28111,40.0,152.0,14:59:59.0,2649.0
2013,01,24,CZCE,WH,WH401,18917,52.0,42.0,14:59:43.0,2689.0
2013,01,25,CZCE,WH,WH307,6511,12.0,1366.0,14:55:32.0,2563.0
2013,01,25,CZCE,WH,WH309,23865,768.0,15206.0,14:59:37.0,2616.0
2013,01,25,CZCE,WH,WH311,13672,0.0,152.0,15:00:00.0,2649.0
2013,01,25,CZCE,WH,WH401,12544,40.0,56.0,14:59:57.0,2687.0
2013,01,28,CZCE,WH,WH307,9533,28.0,1350.0,14:59:57.0,2559.0
2013,01,28,CZCE,WH,WH309,46855,3258.0,15666.0,14:59:59.0,2609.0
2013,01,28,CZCE,WH,WH311,18897,0.0,152.0,15:00:00.0,2648.0
2013,01,28,CZCE,WH,WH401,10049,14.0,60.0,14:59:57.0,2686.0
2013,01,29,CZCE,WH,WH307,12911,8.0,1348.0,14:58:23.0,2553.0
2013,01,29,CZCE,WH,WH309,35773,892.0,15624.0,14:59:58.0,2609.0
2013,01,29,CZCE,WH,WH311,25387,0.0,152.0,15:00:00.0,2641.0
2013,01,29,CZCE,WH,WH401,10833,6.0,60.0,14:58:11.0,2688.0
2013,01,30,CZCE,WH,WH307,9908,22.0,1336.0,14:43:51.0,2561.0
2013,01,30,CZCE,WH,WH309,32775,1436.0,15238.0,14:59:59.0,2618.0
2013,01,30,CZCE,WH,WH311,13397,4.0,150.0,14:59:59.0,2642.0
2013,01,30,CZCE,WH,WH401,10433,20.0,68.0,14:59:59.0,2690.0
2013,01,31,CZCE,WH,WH307,16551,0.0,1336.0,15:00:00.0,2561.0
2013,01,31,CZCE,WH,WH309,26415,1092.0,15634.0,14:59:49.0,2626.0
2013,01,31,CZCE,WH,WH311,11142,2.0,152.0,14:59:23.0,2655.0
2013,01,31,CZCE,WH,WH401,9686,12.0,78.0,14:59:36.0,2693.0
2013,01,04,CZCE,WS,WS301,62224,1652.0,30978.0,14:59:58.0,2466.0
2013,01,04,CZCE,WS,WS303,24967,4.0,114.0,14:59:58.0,2534.0
2013,01,04,CZCE,WS,WS305,220360,28476.0,262144.0,14:59:58.0,2572.0
2013,01,07,CZCE,WS,WS301,157203,1760.0,29792.0,14:59:59.0,2490.0
2013,01,07,CZCE,WS,WS303,30174,114.0,166.0,14:59:40.0,2549.0
2013,01,07,CZCE,WS,WS305,425629,103894.0,265272.0,14:59:59.0,2597.0
2013,01,08,CZCE,WS,WS301,145691,2658.0,28992.0,14:59:59.0,2503.0
2013,01,08,CZCE,WS,WS303,36566,242.0,226.0,14:59:59.0,2552.0
2013,01,08,CZCE,WS,WS305,583379,133292.0,280992.0,14:59:59.0,2614.0
2013,01,09,CZCE,WS,WS301,86665,540.0,28668.0,14:59:59.0,2497.0
2013,01,09,CZCE,WS,WS303,25997,86.0,280.0,14:59:58.0,2547.0
2013,01,09,CZCE,WS,WS305,371910,67412.0,269814.0,14:59:59.0,2601.0
2013,01,10,CZCE,WS,WS301,55251,160.0,28608.0,14:59:54.0,2489.0
2013,01,10,CZCE,WS,WS303,13236,16.0,280.0,14:59:59.0,2540.0
2013,01,10,CZCE,WS,WS305,273201,44694.0,268550.0,14:59:59.0,2600.0
2013,01,11,CZCE,WS,WS301,74290,284.0,28636.0,14:59:59.0,2490.0
2013,01,11,CZCE,WS,WS303,21270,68.0,330.0,14:59:58.0,2540.0
2013,01,11,CZCE,WS,WS305,371482,68664.0,261226.0,14:59:59.0,2593.0
2013,01,14,CZCE,WS,WS301,154939,854.0,28330.0,14:59:58.0,2480.0
2013,01,14,CZCE,WS,WS303,20442,82.0,388.0,14:59:58.0,2530.0
2013,01,14,CZCE,WS,WS305,359769,53204.0,258902.0,14:59:59.0,2586.0
2013,01,15,CZCE,WS,WS301,89662,920.0,28460.0,14:59:58.0,2486.0
2013,01,15,CZCE,WS,WS303,16037,10.0,392.0,14:59:57.0,2536.0
2013,01,15,CZCE,WS,WS305,304428,43554.0,257310.0,14:59:59.0,2594.0
2013,01,16,CZCE,WS,WS301,162257,44.0,28024.0,14:59:58.0,2486.0
2013,01,16,CZCE,WS,WS303,22218,2.0,394.0,14:59:58.0,2555.0
2013,01,16,CZCE,WS,WS305,391621,57056.0,256988.0,14:59:58.0,2596.0
2013,01,17,CZCE,WS,WS301,118612,620.0,28014.0,14:59:59.0,2483.0
2013,01,17,CZCE,WS,WS303,18814,36.0,426.0,14:59:59.0,2537.0
2013,01,17,CZCE,WS,WS305,334499,65246.0,256116.0,14:59:59.0,2583.0
2013,01,18,CZCE,WS,WS301,27820,602.0,28054.0,14:59:57.0,2484.0
2013,01,18,CZCE,WS,WS303,21980,2.0,426.0,14:59:57.0,2517.0
2013,01,18,CZCE,WS,WS305,230850,29360.0,253784.0,14:59:59.0,2583.0
2013,01,21,CZCE,WS,WS301,69060,1344.0,28724.0,14:59:51.0,2461.0
2013,01,21,CZCE,WS,WS303,28933,28.0,426.0,14:59:51.0,2516.0
2013,01,21,CZCE,WS,WS305,353285,71778.0,240792.0,14:59:58.0,2563.0
2013,01,22,CZCE,WS,WS301,111733,1528.0,27990.0,14:55:48.0,2448.0
2013,01,22,CZCE,WS,WS303,23525,34.0,428.0,14:58:23.0,2503.0
2013,01,22,CZCE,WS,WS305,443714,69082.0,224446.0,14:59:59.0,2553.0
2013,01,23,CZCE,WS,WS301,82483,612.0,26220.0,14:59:58.0,2442.0
