YYYY,MM,DD,EXCH,COMMODITY,TICKER,FILESIZE,VOLUME,OPENINT,TIMESTAMP,LASTPRICE
2013,01,04,CFFEX,IF,IF1301,2094482,572312.0,80197.0,15:15:00.500,2533.2
2013,01,04,CFFEX,IF,IF1302,1944039,11656.0,4490.0,15:15:00.500,2547.0
2013,01,04,CFFEX,IF,IF1303,1645047,20649.0,19824.0,15:15:00.500,2562.6
2013,01,04,CFFEX,IF,IF1306,1637756,3079.0,5262.0,15:15:00.500,2586.2
2013,01,07,CFFEX,IF,IF1301,2096920,615196.0,77931.0,15:15:00.500,2533.2
2013,01,07,CFFEX,IF,IF1302,1935704,10109.0,5258.0,15:15:00.500,2548.4
2013,01,07,CFFEX,IF,IF1303,1713915,14602.0,20882.0,15:15:00.500,2562.8
2013,01,07,CFFEX,IF,IF1306,1612251,2027.0,5481.0,15:15:00.500,2588.8
2013,01,08,CFFEX,IF,IF1301,2099663,729477.0,74965.0,15:15:00.500,2531.2
2013,01,08,CFFEX,IF,IF1302,1952922,13369.0,5842.0,15:15:00.500,2544.0
2013,01,08,CFFEX,IF,IF1303,1767508,21707.0,21026.0,15:15:00.500,2558.2
2013,01,08,CFFEX,IF,IF1306,1598439,2329.0,5709.0,15:15:00.500,2583.2
2013,01,09,CFFEX,IF,IF1301,2100297,629921.0,72606.0,15:15:00.500,2525.4
2013,01,09,CFFEX,IF,IF1302,1941321,12696.0,7197.0,15:15:00.0,2537.0
2013,01,09,CFFEX,IF,IF1303,1855450,18693.0,22529.0,15:15:00.500,2551.8
2013,01,09,CFFEX,IF,IF1306,1584367,2052.0,5864.0,15:15:00.500,2576.8
2013,01,10,CFFEX,IF,IF1301,2100790,724539.0,71891.0,15:15:00.500,2537.8
2013,01,10,CFFEX,IF,IF1302,1969343,18938.0,7985.0,15:15:00.500,2549.2
2013,01,10,CFFEX,IF,IF1303,1776507,22703.0,23697.0,15:15:00.500,2563.8
2013,01,10,CFFEX,IF,IF1306,1566829,2392.0,5953.0,15:15:00.500,2590.4
2013,01,11,CFFEX,IF,IF1301,2099897,784689.0,69875.0,15:15:00.500,2498.6
2013,01,11,CFFEX,IF,IF1302,1959708,27121.0,10587.0,15:15:00.500,2508.8
2013,01,11,CFFEX,IF,IF1303,1911031,26326.0,25471.0,15:15:00.500,2523.0
2013,01,11,CFFEX,IF,IF1306,1664402,4479.0,6670.0,15:15:00.500,2548.0
2013,01,14,CFFEX,IF,IF1301,2094254,744878.0,67427.0,15:15:00.500,2586.6
2013,01,14,CFFEX,IF,IF1302,2008971,67580.0,20638.0,15:15:00.500,2601.6
2013,01,14,CFFEX,IF,IF1303,1937016,38299.0,25464.0,15:15:00.500,2613.0
2013,01,14,CFFEX,IF,IF1306,1704480,4935.0,6910.0,15:15:00.500,2637.6
2013,01,15,CFFEX,IF,IF1301,2092046,445268.0,42949.0,15:15:00.500,2596.4
2013,01,15,CFFEX,IF,IF1302,2038609,118505.0,37622.0,15:15:00.500,2613.0
2013,01,15,CFFEX,IF,IF1303,1837528,23933.0,27143.0,15:15:00.500,2626.6
2013,01,15,CFFEX,IF,IF1306,1433530,2802.0,7019.0,15:15:00.500,2652.0
2013,01,16,CFFEX,IF,IF1301,2074103,381661.0,18722.0,15:15:00.500,2570.0
2013,01,16,CFFEX,IF,IF1302,2076435,410412.0,52840.0,15:15:00.500,2583.0
2013,01,16,CFFEX,IF,IF1303,1904312,37500.0,30312.0,15:15:00.500,2596.6
2013,01,16,CFFEX,IF,IF1306,1689712,5695.0,7993.0,15:15:00.500,2622.6
2013,01,17,CFFEX,IF,IF1301,2008039,126436.0,8653.0,15:15:00.500,2561.0
2013,01,17,CFFEX,IF,IF1302,2092343,692567.0,56520.0,15:15:00.500,2576.8
2013,01,17,CFFEX,IF,IF1303,1989635,43916.0,31090.0,15:15:00.500,2591.0
2013,01,17,CFFEX,IF,IF1306,1715287,4274.0,8100.0,15:15:00.500,2617.6
2013,01,18,CFFEX,IF,IF1301,1592189,46770.0,1437.0,15:00:00.500,2592.6
2013,01,18,CFFEX,IF,IF1302,2097819,822573.0,64116.0,15:15:00.500,2610.4
2013,01,18,CFFEX,IF,IF1303,1997407,57051.0,32995.0,15:15:00.500,2624.2
2013,01,18,CFFEX,IF,IF1306,1767323,5832.0,8206.0,15:15:00.500,2650.6
2013,01,21,CFFEX,IF,IF1302,2094198,646027.0,62810.0,15:15:00.500,2608.2
2013,01,21,CFFEX,IF,IF1303,1992689,44396.0,32645.0,15:15:00.500,2620.4
2013,01,21,CFFEX,IF,IF1306,1630598,5173.0,8367.0,15:15:00.500,2646.8
2013,01,21,CFFEX,IF,IF1309,1621554,1057.0,305.0,15:15:00.500,2673.8
2013,01,22,CFFEX,IF,IF1302,2099254,774966.0,57939.0,15:15:00.500,2602.6
2013,01,22,CFFEX,IF,IF1303,1996552,56562.0,31841.0,15:15:00.500,2615.8
2013,01,22,CFFEX,IF,IF1306,1709230,5267.0,8098.0,15:15:00.500,2639.2
2013,01,22,CFFEX,IF,IF1309,1601853,1113.0,541.0,15:15:00.500,2668.0
2013,01,23,CFFEX,IF,IF1302,2099150,694347.0,60301.0,15:15:00.500,2615.6
2013,01,23,CFFEX,IF,IF1303,2005577,47108.0,31866.0,15:15:00.500,2629.6
2013,01,23,CFFEX,IF,IF1306,1643654,4872.0,8241.0,15:15:00.500,2653.6
2013,01,23,CFFEX,IF,IF1309,1538558,968.0,709.0,15:15:00.500,2678.6
2013,01,24,CFFEX,IF,IF1302,2098273,955841.0,59709.0,15:15:00.500,2590.6
2013,01,24,CFFEX,IF,IF1303,2008212,76816.0,34123.0,15:15:00.500,2603.8
2013,01,24,CFFEX,IF,IF1306,1714540,9257.0,8724.0,15:15:00.500,2629.2
2013,01,24,CFFEX,IF,IF1309,1628708,1835.0,983.0,15:15:00.500,2663.6
2013,01,25,CFFEX,IF,IF1302,2093624,511247.0,61245.0,15:15:00.500,2592.8
2013,01,25,CFFEX,IF,IF1303,1996852,32513.0,35189.0,15:15:00.500,2606.4
2013,01,25,CFFEX,IF,IF1306,1509977,2649.0,8988.0,15:15:00.500,2633.4
2013,01,25,CFFEX,IF,IF1309,1433847,940.0,1150.0,15:15:00.500,2658.0
2013,01,28,CFFEX,IF,IF1302,2096070,757860.0,67310.0,15:15:00.500,2654.4
2013,01,28,CFFEX,IF,IF1303,2013100,59245.0,35612.0,15:15:00.500,2666.4
2013,01,28,CFFEX,IF,IF1306,1669590,5322.0,9013.0,15:15:00.500,2692.8
2013,01,28,CFFEX,IF,IF1309,1584301,1090.0,1211.0,15:15:00.500,2716.4
2013,01,29,CFFEX,IF,IF1302,2096907,583643.0,56989.0,15:15:00.500,2671.0
2013,01,29,CFFEX,IF,IF1303,2004658,41866.0,35429.0,15:15:00.500,2683.4
2013,01,29,CFFEX,IF,IF1306,1458971,3720.0,9208.0,15:15:00.500,2709.4
2013,01,29,CFFEX,IF,IF1309,1579179,1088.0,1337.0,15:15:00.500,2732.6
2013,01,30,CFFEX,IF,IF1302,2097063,608180.0,54492.0,15:15:00.500,2699.0
2013,01,30,CFFEX,IF,IF1303,2016589,49659.0,36486.0,15:15:00.500,2713.0
2013,01,30,CFFEX,IF,IF1306,1482785,4102.0,9544.0,15:15:00.500,2737.0
2013,01,30,CFFEX,IF,IF1309,1487407,659.0,1330.0,15:15:00.500,2760.4
2013,01,31,CFFEX,IF,IF1302,2097186,613606.0,50386.0,15:15:00.500,2699.8
2013,01,31,CFFEX,IF,IF1303,2020709,61530.0,41799.0,15:15:00.500,2712.6
2013,01,31,CFFEX,IF,IF1306,1515227,4911.0,10615.0,15:15:00.500,2740.0
2013,01,31,CFFEX,IF,IF1309,1398621,874.0,1451.0,15:15:00.500,2762.6
2013,02,01,CFFEX,IF,IF1302,2129098,802633.0,50768.0,15:14:15.900,2746.4
2013,02,01,CFFEX,IF,IF1303,2060477,111751.0,45087.0,15:14:15.884,2759.4
2013,02,01,CFFEX,IF,IF1306,1772702,10530.0,11831.0,15:14:15.884,2786.0
2013,02,01,CFFEX,IF,IF1309,1635714,1591.0,1652.0,15:14:15.884,2810.0
2013,02,04,CFFEX,IF,IF1302,2093296,573541.0,47006.0,15:15:00.500,2749.4
2013,02,04,CFFEX,IF,IF1303,2035055,108158.0,53158.0,15:15:00.500,2764.4
2013,02,04,CFFEX,IF,IF1306,1638558,7387.0,12464.0,15:15:00.500,2790.8
2013,02,04,CFFEX,IF,IF1309,1470809,932.0,1685.0,15:15:00.500,2815.0
2013,02,05,CFFEX,IF,IF1302,2089871,605971.0,43394.0,15:15:00.500,2773.4
2013,02,05,CFFEX,IF,IF1303,2052705,207361.0,64702.0,15:15:00.500,2788.2
2013,02,05,CFFEX,IF,IF1306,1611465,8309.0,13186.0,15:15:00.500,2815.8
2013,02,05,CFFEX,IF,IF1309,1457124,1255.0,1858.0,15:15:00.500,2840.6
2013,02,06,CFFEX,IF,IF1302,2108042,287375.0,31017.0,15:14:37.386,2785.6
2013,02,06,CFFEX,IF,IF1303,2103922,284877.0,76302.0,15:14:37.386,2802.4
2013,02,06,CFFEX,IF,IF1306,1536724,8101.0,14788.0,15:14:37.371,2833.6
2013,02,06,CFFEX,IF,IF1309,1353049,717.0,1955.0,15:14:37.386,2854.6
2013,02,07,CFFEX,IF,IF1302,2050710,212072.0,19192.0,15:15:00.500,2779.8
2013,02,07,CFFEX,IF,IF1303,2094246,605910.0,95248.0,15:15:00.500,2800.4
2013,02,07,CFFEX,IF,IF1306,1767898,12482.0,16872.0,15:15:00.500,2831.8
2013,02,07,CFFEX,IF,IF1309,1592137,2529.0,2595.0,15:15:00.500,2853.4
2013,02,08,CFFEX,IF,IF1302,1953355,84067.0,9371.0,15:15:00.500,2765.2
2013,02,08,CFFEX,IF,IF1303,2120123,621985.0,100096.0,15:15:00.500,2784.2
2013,02,08,CFFEX,IF,IF1306,1930515,14761.0,19338.0,15:15:00.500,2819.6
2013,02,08,CFFEX,IF,IF1309,1526867,2031.0,2849.0,15:15:00.500,2842.2
2013,02,18,CFFEX,IF,IF1302,1633374,32647.0,3550.0,15:00:00.500,2745.6
2013,02,18,CFFEX,IF,IF1303,2120083,612964.0,102076.0,15:15:00.500,2752.4
2013,02,18,CFFEX,IF,IF1306,1952705,15124.0,21403.0,15:15:00.500,2786.0
2013,02,18,CFFEX,IF,IF1309,1683577,2316.0,3295.0,15:15:00.500,2812.2
2013,02,19,CFFEX,IF,IF1302,87,0,0,0,0
2013,02,19,CFFEX,IF,IF1303,2157938,646104.0,105182.0,15:14:13.534,2709.2
2013,02,19,CFFEX,IF,IF1304,1935510,9873.0,3126.0,15:14:13.534,2725.4
2013,02,19,CFFEX,IF,IF1306,1992725,16775.0,21283.0,15:14:13.534,2745.2
2013,02,19,CFFEX,IF,IF1309,1601638,1846.0,3459.0,15:14:13.534,2770.2
2013,02,20,CFFEX,IF,IF1302,87,0,0,0,0
2013,02,20,CFFEX,IF,IF1303,2159355,546146.0,103771.0,15:14:11.173,2710.4
2013,02,20,CFFEX,IF,IF1304,1972247,8724.0,5304.0,15:14:11.157,2725.4
2013,02,20,CFFEX,IF,IF1306,1937382,9577.0,22150.0,15:14:11.173,2746.0
2013,02,20,CFFEX,IF,IF1309,1436370,972.0,3585.0,15:14:11.173,2772.0
2013,02,21,CFFEX,IF,IF1302,87,0,0,0,0
2013,02,21,CFFEX,IF,IF1303,2156659,771496.0,85980.0,15:14:08.748,2615.2
2013,02,21,CFFEX,IF,IF1304,1987009,15010.0,5408.0,15:14:08.764,2629.4
2013,02,21,CFFEX,IF,IF1306,1989224,18262.0,20556.0,15:14:08.764,2644.8
2013,02,21,CFFEX,IF,IF1309,1666251,1847.0,3494.0,15:14:08.748,2668.2
2013,02,22,CFFEX,IF,IF1303,2091880,450508.0,85493.0,15:15:00.500,2593.2
2013,02,22,CFFEX,IF,IF1304,1914774,5520.0,5483.0,15:15:00.500,2609.2
2013,02,22,CFFEX,IF,IF1306,1952283,6682.0,20127.0,15:15:00.500,2624.4
2013,02,22,CFFEX,IF,IF1309,1236988,912.0,3540.0,15:15:00.500,2652.0
2013,02,25,CFFEX,IF,IF1302,87,0,0,0,0
2013,02,25,CFFEX,IF,IF1303,2129467,724593.0,82218.0,15:14:50.059,2605.0
2013,02,25,CFFEX,IF,IF1304,1992582,16110.0,6460.0,15:14:50.043,2618.2
2013,02,25,CFFEX,IF,IF1306,2002413,14521.0,19555.0,15:14:50.043,2632.6
2013,02,25,CFFEX,IF,IF1309,1620889,1684.0,3540.0,15:14:50.043,2657.8
2013,02,26,CFFEX,IF,IF1303,2130354,822719.0,74542.0,15:14:51.965,2564.6
2013,02,26,CFFEX,IF,IF1304,1996013,19797.0,6783.0,15:14:51.981,2576.6
2013,02,26,CFFEX,IF,IF1306,2001640,16714.0,18165.0,15:14:51.965,2591.8
2013,02,26,CFFEX,IF,IF1309,1696365,1497.0,3555.0,15:14:51.965,2615.2
2013,02,27,CFFEX,IF,IF1303,2129822,875982.0,73801.0,15:14:53.949,2587.6
2013,02,27,CFFEX,IF,IF1304,1987977,22244.0,7151.0,15:14:53.934,2600.2
2013,02,27,CFFEX,IF,IF1306,1974796,19722.0,16878.0,15:14:53.949,2616.4
2013,02,27,CFFEX,IF,IF1309,1739306,1777.0,3617.0,15:14:53.949,2641.6
2013,02,28,CFFEX,IF,IF1303,2131546,875442.0,74621.0,15:14:55.934,2678.4
2013,02,28,CFFEX,IF,IF1304,1986678,23754.0,8042.0,15:14:55.918,2691.2
2013,02,28,CFFEX,IF,IF1306,1999222,18584.0,17310.0,15:14:55.934,2708.4
2013,02,28,CFFEX,IF,IF1309,1582366,2257.0,3646.0,15:14:55.934,2732.0
2013,03,01,CFFEX,IF,IF1303,2093705,735902.0,66070.0,15:15:00.500,2666.6
2013,03,01,CFFEX,IF,IF1304,1950239,17190.0,8165.0,15:15:00.500,2679.0
2013,03,01,CFFEX,IF,IF1306,1968625,17325.0,17749.0,15:15:00.500,2694.2
2013,03,01,CFFEX,IF,IF1309,1508135,2067.0,3882.0,15:15:00.500,2719.4
2013,03,04,CFFEX,IF,IF1303,2093878,854502.0,77151.0,15:15:00.500,2548.0
2013,03,04,CFFEX,IF,IF1304,1973070,27329.0,11247.0,15:15:00.500,2561.2
2013,03,04,CFFEX,IF,IF1306,1974479,23337.0,19267.0,15:15:00.500,2577.8
2013,03,04,CFFEX,IF,IF1309,1739488,3114.0,4290.0,15:15:00.500,2601.2
2013,03,05,CFFEX,IF,IF1303,2098039,911314.0,71084.0,15:15:00.500,2616.0
2013,03,05,CFFEX,IF,IF1304,1998365,30142.0,12466.0,15:15:00.500,2630.0
2013,03,05,CFFEX,IF,IF1306,1986915,19730.0,18399.0,15:15:00.500,2645.8
2013,03,05,CFFEX,IF,IF1309,1706626,2506.0,4423.0,15:15:00.500,2666.8
2013,03,06,CFFEX,IF,IF1303,2098395,841192.0,64366.0,15:15:00.500,2648.0
2013,03,06,CFFEX,IF,IF1304,2007064,33889.0,13738.0,15:15:00.500,2661.8
2013,03,06,CFFEX,IF,IF1306,1959656,20890.0,19523.0,15:15:00.500,2679.0
2013,03,06,CFFEX,IF,IF1309,1606821,2154.0,4583.0,15:15:00.500,2701.6
2013,03,07,CFFEX,IF,IF1303,2099037,913853.0,62076.0,15:15:00.500,2615.6
2013,03,07,CFFEX,IF,IF1304,2009354,46070.0,15020.0,15:15:00.500,2627.8
2013,03,07,CFFEX,IF,IF1306,1911786,21569.0,19291.0,15:15:00.500,2645.0
2013,03,07,CFFEX,IF,IF1309,1703774,2050.0,4664.0,15:15:00.500,2668.0
2013,03,08,CFFEX,IF,IF1303,2095892,759730.0,60136.0,15:15:00.500,2611.6
2013,03,08,CFFEX,IF,IF1304,2012335,41619.0,17574.0,15:15:00.500,2623.6
2013,03,08,CFFEX,IF,IF1306,1957404,15533.0,19729.0,15:15:00.500,2641.0
2013,03,08,CFFEX,IF,IF1309,1747722,1727.0,4768.0,15:15:00.500,2664.0
2013,03,11,CFFEX,IF,IF1303,2094025,720874.0,57651.0,15:15:00.500,2592.6
2013,03,11,CFFEX,IF,IF1304,2021570,69104.0,20063.0,15:15:00.500,2604.6
2013,03,11,CFFEX,IF,IF1306,2001276,20219.0,21426.0,15:15:00.500,2621.0
2013,03,11,CFFEX,IF,IF1309,1648885,1765.0,5048.0,15:15:00.500,2645.0
2013,03,12,CFFEX,IF,IF1303,2094711,856038.0,46642.0,15:15:00.500,2552.8
2013,03,12,CFFEX,IF,IF1304,2034902,141719.0,28495.0,15:15:00.500,2563.4
2013,03,12,CFFEX,IF,IF1306,1992056,25766.0,21572.0,15:15:00.500,2579.0
2013,03,12,CFFEX,IF,IF1309,1633156,3030.0,5319.0,15:15:00.500,2596.0
2013,03,13,CFFEX,IF,IF1303,2087992,617195.0,35301.0,15:15:00.500,2529.0
2013,03,13,CFFEX,IF,IF1304,2054398,213856.0,37148.0,15:15:00.500,2533.6
2013,03,13,CFFEX,IF,IF1306,1887833,19467.0,22343.0,15:15:00.500,2546.8
2013,03,13,CFFEX,IF,IF1309,1619336,2304.0,5367.0,15:15:00.500,2566.0
2013,03,14,CFFEX,IF,IF1303,2063962,250020.0,18150.0,15:15:00.500,2524.0
2013,03,14,CFFEX,IF,IF1304,2090151,595975.0,52002.0,15:15:00.500,2529.0
2013,03,14,CFFEX,IF,IF1306,1984853,18286.0,23239.0,15:15:00.500,2538.2
2013,03,14,CFFEX,IF,IF1309,1596662,2742.0,5630.0,15:15:00.500,2554.0
2013,03,15,CFFEX,IF,IF1303,1821608,92810.0,2598.0,15:00:00.500,2568.6
2013,03,15,CFFEX,IF,IF1304,2102719,1064394.0,58572.0,15:15:00.500,2533.4
2013,03,15,CFFEX,IF,IF1306,2002733,42428.0,25851.0,15:15:00.500,2544.0
2013,03,15,CFFEX,IF,IF1309,1751829,4737.0,5877.0,15:15:00.500,2557.2
2013,03,18,CFFEX,IF,IF1304,2094834,786031.0,66097.0,15:15:00.500,2510.8
2013,03,18,CFFEX,IF,IF1305,1857990,7527.0,1254.0,15:15:00.500,2516.8
2013,03,18,CFFEX,IF,IF1306,2005992,25021.0,25964.0,15:15:00.500,2514.4
2013,03,18,CFFEX,IF,IF1309,1710238,3008.0,6083.0,15:15:00.500,2531.6
2013,03,19,CFFEX,IF,IF1304,2098176,808569.0,67406.0,15:15:00.500,2529.8
2013,03,19,CFFEX,IF,IF1305,1930692,7577.0,2143.0,15:15:00.500,2532.6
2013,03,19,CFFEX,IF,IF1306,1969819,26767.0,24751.0,15:15:00.500,2530.0
2013,03,19,CFFEX,IF,IF1309,1645179,2664.0,6350.0,15:15:00.500,2542.0
2013,03,20,CFFEX,IF,IF1304,2103296,1027964.0,69845.0,15:15:00.500,2610.0
2013,03,20,CFFEX,IF,IF1305,1937197,9944.0,2990.0,15:15:00.500,2614.2
2013,03,20,CFFEX,IF,IF1306,2003478,38232.0,25376.0,15:15:00.500,2613.6
2013,03,20,CFFEX,IF,IF1309,1623427,3444.0,6406.0,15:15:00.500,2620.8
2013,03,21,CFFEX,IF,IF1304,2097911,646577.0,69785.0,15:15:00.500,2617.0
2013,03,21,CFFEX,IF,IF1305,1945628,10422.0,3252.0,15:15:00.500,2619.2
2013,03,21,CFFEX,IF,IF1306,2003662,25193.0,27132.0,15:15:00.500,2617.6
2013,03,21,CFFEX,IF,IF1309,1374236,2857.0,6519.0,15:15:00.500,2622.8
2013,03,22,CFFEX,IF,IF1304,2098572,702983.0,70726.0,15:15:00.500,2625.8
2013,03,22,CFFEX,IF,IF1305,1930055,8718.0,3401.0,15:15:00.500,2628.6
2013,03,22,CFFEX,IF,IF1306,2000721,25593.0,27229.0,15:15:00.500,2628.0
2013,03,22,CFFEX,IF,IF1309,1445131,1882.0,6522.0,15:15:00.500,2633.4
2013,03,25,CFFEX,IF,IF1304,2099014,735213.0,71941.0,15:15:00.500,2622.6
2013,03,25,CFFEX,IF,IF1305,1943074,9148.0,3557.0,15:15:00.500,2625.4
2013,03,25,CFFEX,IF,IF1306,2004788,30155.0,27355.0,15:15:00.500,2622.8
2013,03,25,CFFEX,IF,IF1309,1534723,2591.0,6686.0,15:15:00.500,2636.0
2013,03,26,CFFEX,IF,IF1304,2099729,813445.0,64823.0,15:15:00.500,2572.4
2013,03,26,CFFEX,IF,IF1305,1945563,10399.0,4787.0,15:15:00.500,2577.0
2013,03,26,CFFEX,IF,IF1306,1993496,31937.0,27960.0,15:15:00.500,2573.2
2013,03,26,CFFEX,IF,IF1309,1575557,2899.0,7064.0,15:15:00.500,2586.2
2013,03,27,CFFEX,IF,IF1304,2100224,854050.0,65040.0,15:15:00.500,2573.6
2013,03,27,CFFEX,IF,IF1305,1889161,10254.0,5300.0,15:15:00.500,2577.8
2013,03,27,CFFEX,IF,IF1306,2003758,30744.0,28426.0,15:15:00.500,2574.4
2013,03,27,CFFEX,IF,IF1309,1606095,2637.0,7164.0,15:15:00.500,2589.0
2013,03,28,CFFEX,IF,IF1304,2098081,733851.0,64001.0,15:15:00.500,2506.8
2013,03,28,CFFEX,IF,IF1305,1951592,12127.0,4565.0,15:15:00.500,2509.4
2013,03,28,CFFEX,IF,IF1306,2010547,32674.0,28791.0,15:15:00.500,2505.6
2013,03,28,CFFEX,IF,IF1309,1590742,2507.0,7076.0,15:15:00.500,2516.2
2013,03,29,CFFEX,IF,IF1304,2096493,604019.0,61713.0,15:15:00.500,2483.8
2013,03,29,CFFEX,IF,IF1305,1945076,8855.0,4530.0,15:15:00.500,2486.8
2013,03,29,CFFEX,IF,IF1306,2003333,23071.0,28337.0,15:15:00.500,2481.0
2013,03,29,CFFEX,IF,IF1309,1417234,1645.0,6987.0,15:15:00.500,2494.4
2013,04,01,CFFEX,IF,IF1304,2095853,686779.0,62268.0,15:15:00.500,2483.2
2013,04,01,CFFEX,IF,IF1305,1896881,8408.0,4592.0,15:15:00.500,2485.2
2013,04,01,CFFEX,IF,IF1306,2004258,24283.0,28211.0,15:15:00.500,2481.6
2013,04,01,CFFEX,IF,IF1309,1577265,2673.0,7036.0,15:15:00.500,2495.6
2013,04,02,CFFEX,IF,IF1304,2100932,897398.0,61450.0,15:15:00.500,2505.8
2013,04,02,CFFEX,IF,IF1305,1951323,13415.0,4935.0,15:15:00.500,2506.0
2013,04,02,CFFEX,IF,IF1306,2008114,36579.0,28530.0,15:15:00.500,2503.2
2013,04,02,CFFEX,IF,IF1309,1650679,2598.0,7321.0,15:15:00.500,2514.4
2013,04,03,CFFEX,IF,IF1304,2097851,779825.0,61395.0,15:15:00.500,2478.6
2013,04,03,CFFEX,IF,IF1305,1955917,13030.0,5077.0,15:15:00.500,2480.4
2013,04,03,CFFEX,IF,IF1306,2006523,30698.0,29173.0,15:15:00.500,2476.4
2013,04,03,CFFEX,IF,IF1309,1621442,2303.0,7350.0,15:15:00.500,2486.0
2013,04,08,CFFEX,IF,IF1304,2094593,657765.0,65969.0,15:15:00.500,2463.8
2013,04,08,CFFEX,IF,IF1305,1959887,14141.0,6117.0,15:15:00.500,2465.6
2013,04,08,CFFEX,IF,IF1306,2008730,31878.0,29851.0,15:15:00.500,2463.2
2013,04,08,CFFEX,IF,IF1309,1507443,2178.0,7489.0,15:15:00.500,2470.4
2013,04,09,CFFEX,IF,IF1304,2102650,823777.0,60580.0,15:15:00.500,2480.6
2013,04,09,CFFEX,IF,IF1305,1934772,19310.0,6755.0,15:15:00.500,2480.8
2013,04,09,CFFEX,IF,IF1306,2012788,43924.0,30596.0,15:15:00.500,2478.2
2013,04,09,CFFEX,IF,IF1309,1580711,2673.0,7505.0,15:15:00.500,2488.2
2013,04,10,CFFEX,IF,IF1304,2099655,659770.0,58702.0,15:15:00.500,2481.0
2013,04,10,CFFEX,IF,IF1305,1958053,13788.0,7161.0,15:15:00.500,2481.0
2013,04,10,CFFEX,IF,IF1306,2013267,33316.0,32155.0,15:15:00.500,2477.6
2013,04,10,CFFEX,IF,IF1309,1492436,1675.0,7634.0,15:15:00.500,2485.8
2013,04,11,CFFEX,IF,IF1304,2099465,662650.0,62113.0,15:15:00.500,2472.4
2013,04,11,CFFEX,IF,IF1305,1965707,19045.0,8335.0,15:15:00.500,2473.2
2013,04,11,CFFEX,IF,IF1306,2014840,35781.0,33268.0,15:15:00.500,2469.8
2013,04,11,CFFEX,IF,IF1309,1506847,2609.0,7605.0,15:15:00.500,2477.6
2013,04,12,CFFEX,IF,IF1304,2097008,578596.0,53184.0,15:15:00.500,2461.8
2013,04,12,CFFEX,IF,IF1305,1961189,18907.0,9001.0,15:15:00.500,2464.0
2013,04,12,CFFEX,IF,IF1306,2012788,30350.0,33892.0,15:15:00.500,2460.0
2013,04,12,CFFEX,IF,IF1309,1433470,1606.0,7617.0,15:15:00.500,2466.6
2013,04,15,CFFEX,IF,IF1304,2096406,611821.0,49788.0,15:15:00.500,2441.2
2013,04,15,CFFEX,IF,IF1305,2009883,37673.0,12343.0,15:15:00.500,2441.2
2013,04,15,CFFEX,IF,IF1306,2014173,35878.0,34626.0,15:15:00.500,2434.0
2013,04,15,CFFEX,IF,IF1309,1476129,2982.0,7692.0,15:15:00.500,2444.2
2013,04,16,CFFEX,IF,IF1304,2099010,675784.0,42907.0,15:15:00.500,2450.0
2013,04,16,CFFEX,IF,IF1305,2029127,94593.0,20381.0,15:15:00.500,2449.6
2013,04,16,CFFEX,IF,IF1306,2010926,45208.0,35717.0,15:15:00.500,2443.6
2013,04,16,CFFEX,IF,IF1309,1519850,3285.0,7918.0,15:15:00.500,2452.0
2013,04,17,CFFEX,IF,IF1304,2093355,539176.0,26707.0,15:15:00.500,2454.0
2013,04,17,CFFEX,IF,IF1305,2053333,176346.0,30783.0,15:15:00.500,2451.4
2013,04,17,CFFEX,IF,IF1306,2012916,44487.0,36490.0,15:15:00.500,2445.8
2013,04,17,CFFEX,IF,IF1309,1456817,2764.0,7983.0,15:15:00.500,2453.0
2013,04,18,CFFEX,IF,IF1304,2056511,232529.0,11904.0,15:15:00.500,2459.8
2013,04,18,CFFEX,IF,IF1305,2095795,701296.0,47534.0,15:15:00.500,2456.2
2013,04,18,CFFEX,IF,IF1306,2015302,62830.0,37036.0,15:15:00.500,2450.4
2013,04,18,CFFEX,IF,IF1309,1517795,3613.0,8036.0,15:15:00.500,2457.6
2013,04,19,CFFEX,IF,IF1304,1644290,65061.0,3075.0,15:00:00.500,2528.2
2013,04,19,CFFEX,IF,IF1305,2100904,860653.0,60597.0,15:15:00.500,2535.2
2013,04,19,CFFEX,IF,IF1306,2022338,81795.0,40167.0,15:15:00.500,2527.4
2013,04,19,CFFEX,IF,IF1309,1636210,5373.0,8249.0,15:15:00.500,2534.8
2013,04,22,CFFEX,IF,IF1305,2095473,470977.0,60817.0,15:15:00.500,2531.8
2013,04,22,CFFEX,IF,IF1306,2021442,39272.0,41244.0,15:15:00.500,2524.4
2013,04,22,CFFEX,IF,IF1309,1665384,3997.0,8614.0,15:15:00.500,2531.2
2013,04,22,CFFEX,IF,IF1312,1059438,1137.0,484.0,15:15:00.500,2551.0
2013,04,23,CFFEX,IF,IF1305,2098473,683054.0,55897.0,15:15:00.500,2448.4
2013,04,23,CFFEX,IF,IF1306,2020947,62129.0,40682.0,15:15:00.500,2434.8
2013,04,23,CFFEX,IF,IF1309,1880392,5547.0,8623.0,15:15:00.500,2446.0
2013,04,23,CFFEX,IF,IF1312,1284422,853.0,621.0,15:15:00.500,2468.8
2013,04,24,CFFEX,IF,IF1305,2098973,815775.0,55373.0,15:15:00.500,2492.6
2013,04,24,CFFEX,IF,IF1306,2006813,73524.0,39669.0,15:15:00.500,2482.6
2013,04,24,CFFEX,IF,IF1309,1867569,5250.0,8698.0,15:15:00.500,2490.8
2013,04,24,CFFEX,IF,IF1312,1290983,1030.0,622.0,15:15:00.500,2511.0
2013,04,25,CFFEX,IF,IF1305,2100881,948447.0,56743.0,15:15:00.500,2460.8
2013,04,25,CFFEX,IF,IF1306,2013851,79261.0,40487.0,15:15:00.500,2450.8
2013,04,25,CFFEX,IF,IF1309,1802661,6780.0,8973.0,15:15:00.500,2461.0
2013,04,25,CFFEX,IF,IF1312,1492117,993.0,694.0,15:15:00.500,2479.0
2013,04,26,CFFEX,IF,IF1305,2097524,723431.0,48592.0,15:15:00.500,2439.8
2013,04,26,CFFEX,IF,IF1306,2008877,63496.0,41274.0,15:15:00.500,2428.8
2013,04,26,CFFEX,IF,IF1309,1721902,5513.0,9060.0,15:15:00.500,2439.8
2013,04,26,CFFEX,IF,IF1312,1388216,682.0,742.0,15:15:00.500,2459.0
2013,05,02,CFFEX,IF,IF1305,2091488,548723.0,49430.0,15:15:00.500,2439.4
2013,05,02,CFFEX,IF,IF1306,2003826,47737.0,41747.0,15:15:00.500,2429.2
2013,05,02,CFFEX,IF,IF1309,1924805,4192.0,9086.0,15:15:00.500,2438.4
2013,05,02,CFFEX,IF,IF1312,1277410,449.0,771.0,15:15:00.500,2458.8
2013,05,03,CFFEX,IF,IF1305,2091160,817425.0,51681.0,15:15:00.500,2486.6
2013,05,03,CFFEX,IF,IF1306,1994959,87880.0,42654.0,15:15:00.500,2476.2
2013,05,03,CFFEX,IF,IF1309,1918754,6188.0,8932.0,15:15:00.500,2486.0
2013,05,03,CFFEX,IF,IF1312,1427671,1273.0,899.0,15:15:00.500,2507.4
2013,05,06,CFFEX,IF,IF1305,2098650,704012.0,52686.0,15:15:00.500,2509.2
2013,05,06,CFFEX,IF,IF1306,2023718,78922.0,43109.0,15:15:00.500,2499.2
2013,05,06,CFFEX,IF,IF1309,1933095,6999.0,9330.0,15:15:00.500,2509.4
2013,05,06,CFFEX,IF,IF1312,1497868,650.0,952.0,15:15:00.500,2530.4
2013,05,07,CFFEX,IF,IF1305,2061838,664753.0,52751.0,15:15:00.500,2525.0
2013,05,07,CFFEX,IF,IF1306,1989691,75045.0,44088.0,15:15:00.500,2514.0
2013,05,07,CFFEX,IF,IF1309,1866774,5411.0,9596.0,15:15:00.500,2523.4
2013,05,07,CFFEX,IF,IF1312,1380647,1075.0,1041.0,15:15:00.500,2542.2
2013,05,08,CFFEX,IF,IF1305,2095617,705759.0,59097.0,15:15:00.500,2542.8
2013,05,08,CFFEX,IF,IF1306,2025747,100884.0,51085.0,15:15:00.500,2533.4
2013,05,08,CFFEX,IF,IF1309,1937053,7841.0,10663.0,15:15:00.500,2543.2
2013,05,08,CFFEX,IF,IF1312,1508521,944.0,1123.0,15:15:00.500,2563.8
2013,05,09,CFFEX,IF,IF1305,2097977,645378.0,52911.0,15:15:00.500,2520.8
2013,05,09,CFFEX,IF,IF1306,2031806,95366.0,53689.0,15:15:00.500,2510.4
2013,05,09,CFFEX,IF,IF1309,1959091,6038.0,10940.0,15:15:00.500,2519.4
2013,05,09,CFFEX,IF,IF1312,1425608,882.0,1289.0,15:15:00.500,2539.8
2013,05,10,CFFEX,IF,IF1305,2098935,725644.0,50888.0,15:15:00.500,2541.4
2013,05,10,CFFEX,IF,IF1306,2043683,136898.0,59157.0,15:15:00.500,2535.4
2013,05,10,CFFEX,IF,IF1309,1708108,10213.0,12782.0,15:15:00.500,2545.2
2013,05,10,CFFEX,IF,IF1312,1469017,1033.0,1439.0,15:15:00.500,2574.0
2013,05,13,CFFEX,IF,IF1305,2093929,594826.0,43760.0,15:15:00.500,2514.6
2013,05,13,CFFEX,IF,IF1306,2057744,189022.0,68590.0,15:15:00.500,2507.4
2013,05,13,CFFEX,IF,IF1309,1933671,9678.0,14375.0,15:15:00.500,2516.0
2013,05,13,CFFEX,IF,IF1312,1386688,748.0,1431.0,15:15:00.500,2540.8
2013,05,14,CFFEX,IF,IF1305,2087140,531640.0,35854.0,15:15:00.500,2484.6
2013,05,14,CFFEX,IF,IF1306,2073691,314353.0,73576.0,15:15:00.500,2472.2
2013,05,14,CFFEX,IF,IF1309,1934954,10489.0,14365.0,15:15:00.500,2480.4
2013,05,14,CFFEX,IF,IF1312,1516472,1274.0,1603.0,15:15:00.500,2503.0
2013,05,15,CFFEX,IF,IF1305,2064283,194885.0,24512.0,15:15:00.500,2488.0
2013,05,15,CFFEX,IF,IF1306,2089638,463073.0,81414.0,15:15:00.500,2471.0
2013,05,15,CFFEX,IF,IF1309,1966253,7940.0,14545.0,15:15:00.500,2480.4
2013,05,15,CFFEX,IF,IF1312,1368446,935.0,1620.0,15:15:00.500,2502.8
2013,05,16,CFFEX,IF,IF1305,2006362,118777.0,11865.0,15:15:00.500,2549.0
2013,05,16,CFFEX,IF,IF1306,2107770,863420.0,84886.0,15:15:00.500,2525.0
2013,05,16,CFFEX,IF,IF1309,1979810,13270.0,15331.0,15:15:00.500,2536.0
2013,05,16,CFFEX,IF,IF1312,1595391,2127.0,1771.0,15:15:00.500,2554.6
2013,05,17,CFFEX,IF,IF1305,1626117,44914.0,2458.0,15:00:00.500,2576.6
2013,05,17,CFFEX,IF,IF1306,2110231,756828.0,101324.0,15:15:00.500,2572.6
2013,05,17,CFFEX,IF,IF1309,1979260,15515.0,16927.0,15:15:00.500,2581.4
2013,05,17,CFFEX,IF,IF1312,1558265,1924.0,1926.0,15:15:00.500,2602.8
2013,05,20,CFFEX,IF,IF1306,2130477,696900.0,99789.0,15:15:00.500,2593.8
2013,05,20,CFFEX,IF,IF1307,1950169,13734.0,2836.0,15:15:00.500,2587.0
2013,05,20,CFFEX,IF,IF1309,1980203,12543.0,16837.0,15:15:00.500,2596.6
2013,05,20,CFFEX,IF,IF1312,1532831,1715.0,2045.0,15:15:00.500,2621.2
2013,05,21,CFFEX,IF,IF1306,2130254,582493.0,102812.0,15:15:00.500,2599.6
2013,05,21,CFFEX,IF,IF1307,1943206,10945.0,3829.0,15:15:00.500,2592.4
2013,05,21,CFFEX,IF,IF1309,1942710,9858.0,16913.0,15:15:00.500,2606.0
2013,05,21,CFFEX,IF,IF1312,1395289,893.0,2084.0,15:15:00.500,2629.2
2013,05,22,CFFEX,IF,IF1306,2119162,720708.0,102876.0,15:15:00.500,2602.0
2013,05,22,CFFEX,IF,IF1307,1946532,15514.0,4778.0,15:15:00.500,2595.6
2013,05,22,CFFEX,IF,IF1309,1930991,11561.0,16930.0,15:15:00.500,2609.4
2013,05,22,CFFEX,IF,IF1312,1507727,1019.0,2151.0,15:15:00.500,2632.4
2013,05,23,CFFEX,IF,IF1306,2135665,809119.0,101710.0,15:15:00.500,2570.8
2013,05,23,CFFEX,IF,IF1307,1960230,17953.0,5736.0,15:15:00.500,2563.4
2013,05,23,CFFEX,IF,IF1309,1980279,12962.0,17037.0,15:15:00.500,2573.2
2013,05,23,CFFEX,IF,IF1312,1571490,1434.0,2143.0,15:15:00.500,2599.0
2013,05,24,CFFEX,IF,IF1306,2135460,849492.0,95847.0,15:15:00.500,2588.0
2013,05,24,CFFEX,IF,IF1307,1969737,23706.0,9198.0,15:15:00.500,2581.0
2013,05,24,CFFEX,IF,IF1309,1954180,13486.0,16880.0,15:15:00.500,2593.0
2013,05,24,CFFEX,IF,IF1312,1624787,1668.0,2259.0,15:15:00.500,2617.2
2013,05,25,CFFEX,IF,IF1306,135037,24009.0,97284.0,11:32:14.500,2530.0
2013,05,25,CFFEX,IF,IF1307,25746,2397.0,9676.0,11:32:14.500,2450.0
2013,05,25,CFFEX,IF,IF1309,15992,1043.0,16957.0,11:32:14.500,2337.0
2013,05,25,CFFEX,IF,IF1312,4219,372.0,2407.0,11:32:14.500,2512.2
2013,05,27,CFFEX,IF,IF1306,2128323,635012.0,95491.0,15:15:00.500,2573.6
2013,05,27,CFFEX,IF,IF1307,1980383,17929.0,10958.0,15:15:00.500,2567.0
2013,05,27,CFFEX,IF,IF1309,1956172,10081.0,17298.0,15:15:00.500,2580.0
2013,05,27,CFFEX,IF,IF1312,1514902,898.0,2354.0,15:15:00.500,2603.4
2013,05,28,CFFEX,IF,IF1306,2133522,812248.0,100064.0,15:15:00.500,2633.2
2013,05,28,CFFEX,IF,IF1307,1993600,22413.0,12515.0,15:15:00.500,2625.4
2013,05,28,CFFEX,IF,IF1309,1961938,12525.0,17202.0,15:15:00.500,2639.8
2013,05,28,CFFEX,IF,IF1312,1566220,1351.0,2354.0,15:15:00.500,2662.4
2013,05,29,CFFEX,IF,IF1306,2128754,600387.0,93685.0,15:15:00.500,2627.2
2013,05,29,CFFEX,IF,IF1307,2000469,19966.0,14746.0,15:15:00.500,2620.6
2013,05,29,CFFEX,IF,IF1309,1968915,9407.0,18244.0,15:15:00.500,2635.4
2013,05,29,CFFEX,IF,IF1312,1493249,1103.0,2396.0,15:15:00.500,2658.0
2013,05,30,CFFEX,IF,IF1306,2126988,590059.0,94193.0,15:15:00.500,2625.0
2013,05,30,CFFEX,IF,IF1307,1995998,17212.0,15849.0,15:15:00.500,2618.6
2013,05,30,CFFEX,IF,IF1309,1965172,8650.0,18774.0,15:15:00.500,2633.6
2013,05,30,CFFEX,IF,IF1312,1483424,1194.0,2572.0,15:15:00.500,2656.6
2013,05,31,CFFEX,IF,IF1306,2125351,662696.0,87934.0,15:15:00.500,2600.0
2013,05,31,CFFEX,IF,IF1307,1997328,20621.0,17937.0,15:15:00.500,2592.0
2013,05,31,CFFEX,IF,IF1309,1946137,9895.0,19059.0,15:15:00.500,2607.2
2013,05,31,CFFEX,IF,IF1312,1469117,1213.0,2685.0,15:15:00.500,2634.0
2013,06,03,CFFEX,IF,IF1306,2109008,579487.0,89068.0,15:15:00.500,2597.0
2013,06,03,CFFEX,IF,IF1307,2002942,22059.0,19226.0,15:15:00.500,2589.6
2013,06,03,CFFEX,IF,IF1309,1964997,9266.0,18435.0,15:15:00.500,2604.0
2013,06,03,CFFEX,IF,IF1312,1531268,968.0,2650.0,15:15:00.500,2630.0
2013,06,04,CFFEX,IF,IF1306,2124233,670940.0,87583.0,15:15:00.500,2562.6
2013,06,04,CFFEX,IF,IF1307,2002848,24815.0,21563.0,15:15:00.500,2555.8
2013,06,04,CFFEX,IF,IF1309,1957520,10687.0,18616.0,15:15:00.500,2569.2
2013,06,04,CFFEX,IF,IF1312,1556460,1178.0,2721.0,15:15:00.500,2597.0
2013,06,05,CFFEX,IF,IF1306,2106645,470589.0,87691.0,15:15:00.500,2553.8
2013,06,05,CFFEX,IF,IF1307,1993226,16358.0,23268.0,15:15:00.500,2546.2
2013,06,05,CFFEX,IF,IF1309,1949426,5921.0,18728.0,15:15:00.500,2560.0
2013,06,05,CFFEX,IF,IF1312,1354991,870.0,2734.0,15:15:00.500,2587.0
2013,06,06,CFFEX,IF,IF1306,2118456,579967.0,87686.0,15:15:00.500,2534.8
2013,06,06,CFFEX,IF,IF1307,2001128,25279.0,24768.0,15:15:00.500,2526.8
2013,06,06,CFFEX,IF,IF1309,1967866,8732.0,18674.0,15:15:00.500,2540.8
2013,06,06,CFFEX,IF,IF1312,1446634,1123.0,2809.0,15:15:00.500,2566.8
2013,06,07,CFFEX,IF,IF1306,2104422,603987.0,79190.0,15:15:00.500,2476.4
2013,06,07,CFFEX,IF,IF1307,2006941,36957.0,28152.0,15:15:00.500,2467.4
2013,06,07,CFFEX,IF,IF1309,1971991,10073.0,18537.0,15:15:00.500,2483.2
2013,06,07,CFFEX,IF,IF1312,1498581,1457.0,2745.0,15:15:00.500,2508.6
2013,06,13,CFFEX,IF,IF1306,2090494,569989.0,72904.0,15:15:00.500,2383.6
2013,06,13,CFFEX,IF,IF1307,2020089,63244.0,33270.0,15:15:00.500,2375.2
2013,06,13,CFFEX,IF,IF1309,1986509,12378.0,18676.0,15:15:00.500,2389.8
2013,06,13,CFFEX,IF,IF1312,1526000,2498.0,2730.0,15:15:00.500,2421.4
2013,06,14,CFFEX,IF,IF1306,2088611,448656.0,62463.0,15:15:00.500,2395.6
2013,06,14,CFFEX,IF,IF1307,2027248,60288.0,35866.0,15:15:00.500,2389.0
2013,06,14,CFFEX,IF,IF1309,1967553,7368.0,18681.0,15:15:00.500,2402.0
2013,06,14,CFFEX,IF,IF1312,1340779,1281.0,2828.0,15:15:00.500,2430.0
2013,06,17,CFFEX,IF,IF1306,2092721,513790.0,52857.0,15:15:00.500,2396.2
2013,06,17,CFFEX,IF,IF1307,2033314,96756.0,41620.0,15:15:00.500,2386.8
2013,06,17,CFFEX,IF,IF1309,1958875,9833.0,19573.0,15:15:00.500,2398.8
2013,06,17,CFFEX,IF,IF1312,1460297,1258.0,2919.0,15:15:00.500,2428.4
2013,06,18,CFFEX,IF,IF1306,2089244,525066.0,41914.0,15:15:00.500,2405.2
2013,06,18,CFFEX,IF,IF1307,2059215,170601.0,48605.0,15:15:00.500,2394.4
2013,06,18,CFFEX,IF,IF1309,1972824,10947.0,19687.0,15:15:00.500,2402.8
2013,06,18,CFFEX,IF,IF1312,1431046,1871.0,3044.0,15:15:00.500,2428.0
2013,06,19,CFFEX,IF,IF1306,2077015,400730.0,27751.0,15:15:00.500,2395.0
2013,06,19,CFFEX,IF,IF1307,2080098,451346.0,60532.0,15:15:00.500,2377.8
2013,06,19,CFFEX,IF,IF1309,1986199,14880.0,19880.0,15:15:00.500,2383.0
2013,06,19,CFFEX,IF,IF1312,1606338,2522.0,3100.0,15:15:00.500,2408.6
2013,06,20,CFFEX,IF,IF1306,1630328,115623.0,13893.0,15:15:00.500,2329.8
2013,06,20,CFFEX,IF,IF1307,1681600,619261.0,78055.0,15:15:00.500,2316.8
2013,06,20,CFFEX,IF,IF1309,1594514,16683.0,20301.0,15:15:00.500,2322.0
2013,06,20,CFFEX,IF,IF1312,1231179,3100.0,3330.0,15:15:00.500,2345.2
2013,06,21,CFFEX,IF,IF1306,1719798,57266.0,2907.0,15:00:00.500,2315.6
2013,06,21,CFFEX,IF,IF1307,2098464,768198.0,84649.0,15:15:00.500,2296.4
2013,06,21,CFFEX,IF,IF1309,1999443,21557.0,20512.0,15:15:00.500,2300.8
2013,06,21,CFFEX,IF,IF1312,1648956,2462.0,3434.0,15:15:00.500,2325.2
2013,06,24,CFFEX,IF,IF1307,2121756,891789.0,91287.0,15:15:00.500,2133.0
2013,06,24,CFFEX,IF,IF1308,1899836,7406.0,914.0,15:15:00.500,2135.0
2013,06,24,CFFEX,IF,IF1309,2004613,31840.0,20149.0,15:15:00.500,2140.0
2013,06,24,CFFEX,IF,IF1312,1817894,4880.0,3195.0,15:15:00.500,2169.0
2013,06,25,CFFEX,IF,IF1307,2114475,1264711.0,73401.0,15:15:00.500,2112.8
2013,06,25,CFFEX,IF,IF1308,1951621,14351.0,1777.0,15:15:00.500,2116.6
2013,06,25,CFFEX,IF,IF1309,2005267,52019.0,17115.0,15:15:00.500,2121.0
2013,06,25,CFFEX,IF,IF1312,1878402,6472.0,3226.0,15:15:00.500,2148.2
2013,06,26,CFFEX,IF,IF1307,2098990,954148.0,69358.0,15:15:00.500,2122.4
2013,06,26,CFFEX,IF,IF1308,1941907,8356.0,1887.0,15:15:00.500,2125.4
2013,06,26,CFFEX,IF,IF1309,2003916,29732.0,16265.0,15:15:00.500,2129.2
2013,06,26,CFFEX,IF,IF1312,1933255,4302.0,3524.0,15:15:00.500,2148.6
2013,06,27,CFFEX,IF,IF1307,2105022,1050165.0,70151.0,15:15:00.500,2119.0
2013,06,27,CFFEX,IF,IF1308,1953558,12429.0,2378.0,15:15:00.500,2121.2
2013,06,27,CFFEX,IF,IF1309,2007140,35816.0,15525.0,15:15:00.500,2127.0
2013,06,27,CFFEX,IF,IF1312,1900274,3761.0,3203.0,15:15:00.500,2147.6
2013,06,28,CFFEX,IF,IF1307,2110733,1253068.0,59806.0,15:15:00.500,2168.6
2013,06,28,CFFEX,IF,IF1308,1960569,16881.0,2674.0,15:15:00.500,2163.2
2013,06,28,CFFEX,IF,IF1309,2007216,47052.0,13669.0,15:15:00.500,2171.0
2013,06,28,CFFEX,IF,IF1312,1929891,5502.0,3758.0,15:15:00.500,2190.2
2013,07,01,CFFEX,IF,IF1307,2097543,932091.0,59268.0,15:15:00.500,2163.4
2013,07,01,CFFEX,IF,IF1308,1945481,11307.0,3470.0,15:15:00.500,2159.0
2013,07,01,CFFEX,IF,IF1309,1999874,30564.0,14558.0,15:15:00.500,2163.4
2013,07,01,CFFEX,IF,IF1312,1931638,3329.0,3884.0,15:15:00.500,2183.4
2013,07,02,CFFEX,IF,IF1307,2098970,889217.0,59207.0,15:15:00.500,2161.4
2013,07,02,CFFEX,IF,IF1308,1943480,10063.0,3914.0,15:15:00.500,2155.0
2013,07,02,CFFEX,IF,IF1309,2000397,28618.0,15903.0,15:15:00.500,2157.2
2013,07,02,CFFEX,IF,IF1312,1918509,2845.0,3833.0,15:15:00.500,2176.0
2013,07,03,CFFEX,IF,IF1307,2099191,936496.0,60286.0,15:15:00.500,2146.0
2013,07,03,CFFEX,IF,IF1308,1925997,12928.0,4331.0,15:15:00.500,2132.0
2013,07,03,CFFEX,IF,IF1309,1982402,30044.0,16811.0,15:15:00.500,2131.4
2013,07,03,CFFEX,IF,IF1312,1890217,3184.0,3779.0,15:15:00.500,2151.0
2013,07,04,CFFEX,IF,IF1307,2108160,1118878.0,61103.0,15:15:00.500,2171.0
2013,07,04,CFFEX,IF,IF1308,1932328,18170.0,5989.0,15:15:00.500,2153.2
2013,07,04,CFFEX,IF,IF1309,1993705,39691.0,17916.0,15:15:00.500,2155.6
2013,07,04,CFFEX,IF,IF1312,1930903,4034.0,3779.0,15:15:00.500,2168.8
2013,07,05,CFFEX,IF,IF1307,2100723,881296.0,62511.0,15:15:00.500,2173.6
2013,07,05,CFFEX,IF,IF1308,1940465,13242.0,7015.0,15:15:00.500,2152.8
2013,07,05,CFFEX,IF,IF1309,2001105,29207.0,18452.0,15:15:00.500,2153.6
2013,07,05,CFFEX,IF,IF1312,1929450,2821.0,4099.0,15:15:00.500,2169.4
2013,07,08,CFFEX,IF,IF1307,2097244,872452.0,60003.0,15:15:00.500,2128.8
2013,07,08,CFFEX,IF,IF1308,1946503,19539.0,7436.0,15:15:00.500,2107.2
2013,07,08,CFFEX,IF,IF1309,2005413,33316.0,19635.0,15:15:00.500,2101.0
2013,07,08,CFFEX,IF,IF1312,1924884,3789.0,4383.0,15:15:00.500,2115.2
2013,07,09,CFFEX,IF,IF1307,2098702,640361.0,59456.0,15:15:00.500,2127.2
2013,07,09,CFFEX,IF,IF1308,1957986,14693.0,8808.0,15:15:00.500,2105.4
2013,07,09,CFFEX,IF,IF1309,2000662,21600.0,20439.0,15:15:00.500,2095.4
2013,07,09,CFFEX,IF,IF1312,1924024,1917.0,4621.0,15:15:00.500,2106.0
2013,07,10,CFFEX,IF,IF1307,2103425,1026508.0,62035.0,15:15:00.500,2204.0
2013,07,10,CFFEX,IF,IF1308,1978954,29032.0,10290.0,15:15:00.500,2176.8
2013,07,10,CFFEX,IF,IF1309,1989839,36824.0,20530.0,15:15:00.500,2160.6
2013,07,10,CFFEX,IF,IF1312,1918991,4128.0,4790.0,15:15:00.500,2165.8
2013,07,11,CFFEX,IF,IF1307,2108553,1176960.0,51385.0,15:15:00.500,2321.0
2013,07,11,CFFEX,IF,IF1308,2003079,62606.0,12515.0,15:15:00.500,2309.4
2013,07,11,CFFEX,IF,IF1309,2003030,67051.0,19717.0,15:15:00.500,2308.8
2013,07,11,CFFEX,IF,IF1312,1907944,7368.0,4746.0,15:15:00.500,2314.6
2013,07,12,CFFEX,IF,IF1307,2094602,776084.0,42672.0,15:15:00.500,2277.0
2013,07,12,CFFEX,IF,IF1308,2004853,52268.0,13224.0,15:15:00.500,2261.6
2013,07,12,CFFEX,IF,IF1309,1997698,41014.0,19093.0,15:15:00.500,2263.2
2013,07,12,CFFEX,IF,IF1312,1890586,6069.0,5336.0,15:15:00.500,2273.8
2013,07,15,CFFEX,IF,IF1307,2095782,934391.0,40050.0,15:15:00.500,2291.4
2013,07,15,CFFEX,IF,IF1308,2021307,109374.0,17703.0,15:15:00.500,2283.8
2013,07,15,CFFEX,IF,IF1309,2003228,43961.0,19537.0,15:15:00.500,2283.0
2013,07,15,CFFEX,IF,IF1312,1916826,5341.0,5203.0,15:15:00.500,2287.8
2013,07,16,CFFEX,IF,IF1307,2095001,833735.0,34210.0,15:15:00.500,2305.0
2013,07,16,CFFEX,IF,IF1308,2034598,148199.0,25311.0,15:15:00.500,2289.8
2013,07,16,CFFEX,IF,IF1309,1989912,34763.0,20050.0,15:15:00.500,2287.4
2013,07,16,CFFEX,IF,IF1312,1918458,3428.0,5319.0,15:15:00.500,2291.6
2013,07,17,CFFEX,IF,IF1307,2088213,712757.0,22596.0,15:15:00.500,2282.4
2013,07,17,CFFEX,IF,IF1308,2065076,335868.0,36341.0,15:15:00.500,2264.2
2013,07,17,CFFEX,IF,IF1309,1987793,44271.0,21452.0,15:15:00.500,2265.0
2013,07,17,CFFEX,IF,IF1312,1920390,4721.0,5373.0,15:15:00.500,2270.0
2013,07,18,CFFEX,IF,IF1307,2003678,218387.0,11648.0,15:15:00.500,2243.4
2013,07,18,CFFEX,IF,IF1308,2039459,746212.0,43230.0,15:15:00.500,2229.6
2013,07,18,CFFEX,IF,IF1309,1952500,38041.0,21560.0,15:15:00.500,2229.2
2013,07,18,CFFEX,IF,IF1312,1872956,4141.0,5413.0,15:15:00.500,2236.2
2013,07,19,CFFEX,IF,IF1307,1796765,70856.0,2052.0,15:00:00.500,2217.0
2013,07,19,CFFEX,IF,IF1308,2096489,922230.0,59882.0,15:15:00.500,2155.0
2013,07,19,CFFEX,IF,IF1309,2005552,50058.0,22274.0,15:15:00.500,2151.4
2013,07,19,CFFEX,IF,IF1312,1932203,6075.0,5676.0,15:15:00.500,2163.0
2013,07,22,CFFEX,IF,IF1308,2097230,852452.0,59841.0,15:15:00.500,2168.0
2013,07,22,CFFEX,IF,IF1309,2008898,40828.0,22411.0,15:15:00.500,2162.0
2013,07,22,CFFEX,IF,IF1312,1935317,4776.0,5929.0,15:15:00.500,2173.2
2013,07,22,CFFEX,IF,IF1403,1862022,861.0,219.0,15:15:00.500,2184.8
2013,07,23,CFFEX,IF,IF1308,2107774,1123777.0,58776.0,15:15:00.500,2243.0
2013,07,23,CFFEX,IF,IF1309,2010252,70996.0,21357.0,15:15:00.500,2236.6
2013,07,23,CFFEX,IF,IF1312,1932096,8781.0,5731.0,15:15:00.500,2244.2
2013,07,23,CFFEX,IF,IF1403,1867270,795.0,359.0,15:15:00.500,2257.8
2013,07,24,CFFEX,IF,IF1308,2099830,980054.0,58908.0,15:15:00.500,2232.4
2013,07,24,CFFEX,IF,IF1309,2008950,60001.0,21426.0,15:15:00.500,2223.2
2013,07,24,CFFEX,IF,IF1312,1924632,9984.0,6248.0,15:15:00.500,2228.0
2013,07,24,CFFEX,IF,IF1403,1876262,1041.0,410.0,15:15:00.500,2241.6
2013,07,25,CFFEX,IF,IF1308,2106708,1113890.0,56908.0,15:15:00.500,2209.8
2013,07,25,CFFEX,IF,IF1309,2013517,72784.0,22363.0,15:15:00.500,2201.4
2013,07,25,CFFEX,IF,IF1312,1938695,11049.0,6487.0,15:15:00.500,2204.2
2013,07,25,CFFEX,IF,IF1403,1858725,1021.0,536.0,15:15:00.500,2214.8
2013,07,26,CFFEX,IF,IF1308,2096904,879735.0,55903.0,15:15:00.500,2192.0
2013,07,26,CFFEX,IF,IF1309,2009723,49418.0,22175.0,15:15:00.500,2184.2
2013,07,26,CFFEX,IF,IF1312,1933042,5594.0,6567.0,15:15:00.500,2183.8
2013,07,26,CFFEX,IF,IF1403,1870973,671.0,571.0,15:15:00.500,2194.8
2013,07,29,CFFEX,IF,IF1308,2094282,761328.0,61406.0,15:15:00.500,2163.6
2013,07,29,CFFEX,IF,IF1309,2011622,47343.0,23394.0,15:15:00.500,2151.0
2013,07,29,CFFEX,IF,IF1312,1938897,6188.0,6745.0,15:15:00.500,2156.0
2013,07,29,CFFEX,IF,IF1403,1869235,801.0,589.0,15:15:00.500,2165.8
2013,07,30,CFFEX,IF,IF1308,2100228,940386.0,65684.0,15:15:00.500,2168.2
2013,07,30,CFFEX,IF,IF1309,2011606,55885.0,23405.0,15:15:00.500,2155.0
2013,07,30,CFFEX,IF,IF1312,1935020,6143.0,6798.0,15:15:00.500,2160.0
2013,07,30,CFFEX,IF,IF1403,1873576,1069.0,767.0,15:15:00.500,2171.8
2013,07,31,CFFEX,IF,IF1308,2100634,887075.0,65439.0,15:15:00.500,2165.0
2013,07,31,CFFEX,IF,IF1309,2013735,51900.0,24032.0,15:15:00.500,2155.0
2013,07,31,CFFEX,IF,IF1312,1941444,5728.0,6837.0,15:15:00.500,2159.6
2013,07,31,CFFEX,IF,IF1403,1865928,860.0,817.0,15:15:00.500,2172.0
2013,08,01,CFFEX,IF,IF1308,2105943,1118932.0,67542.0,15:15:00.500,2244.2
2013,08,01,CFFEX,IF,IF1309,2013904,72254.0,23206.0,15:15:00.500,2231.6
2013,08,01,CFFEX,IF,IF1312,1940416,8023.0,6667.0,15:15:00.500,2235.8
2013,08,01,CFFEX,IF,IF1403,1878578,1144.0,891.0,15:15:00.500,2249.8
2013,08,02,CFFEX,IF,IF1308,2101256,859756.0,60364.0,15:15:00.500,2240.0
2013,08,02,CFFEX,IF,IF1309,2012082,54857.0,24918.0,15:15:00.500,2230.4
2013,08,02,CFFEX,IF,IF1312,1940105,5230.0,6653.0,15:15:00.500,2233.0
2013,08,02,CFFEX,IF,IF1403,1900169,961.0,1046.0,15:15:00.500,2246.0
2013,08,05,CFFEX,IF,IF1308,2098239,833863.0,64187.0,15:15:00.500,2265.8
2013,08,05,CFFEX,IF,IF1309,2015028,58897.0,25363.0,15:15:00.500,2256.8
2013,08,05,CFFEX,IF,IF1312,1936642,5670.0,6837.0,15:15:00.500,2256.8
2013,08,05,CFFEX,IF,IF1403,1896336,1067.0,1194.0,15:15:00.500,2266.2
2013,08,06,CFFEX,IF,IF1308,2102327,887686.0,64816.0,15:15:00.500,2278.8
2013,08,06,CFFEX,IF,IF1309,2015296,65851.0,26474.0,15:15:00.500,2270.4
2013,08,06,CFFEX,IF,IF1312,1935530,6336.0,7123.0,15:15:00.500,2270.0
2013,08,06,CFFEX,IF,IF1403,1905965,1326.0,1369.0,15:15:00.500,2276.2
2013,08,07,CFFEX,IF,IF1308,2104271,970873.0,61995.0,15:15:00.500,2258.4
2013,08,07,CFFEX,IF,IF1309,2016800,76206.0,27154.0,15:15:00.500,2249.6
2013,08,07,CFFEX,IF,IF1312,1935104,7324.0,7243.0,15:15:00.500,2249.4
2013,08,07,CFFEX,IF,IF1403,1899532,759.0,1400.0,15:15:00.500,2253.4
2013,08,08,CFFEX,IF,IF1308,2101706,844524.0,60291.0,15:15:00.500,2265.4
2013,08,08,CFFEX,IF,IF1309,2017178,71475.0,29231.0,15:15:00.500,2259.2
2013,08,08,CFFEX,IF,IF1312,1937819,7460.0,7163.0,15:15:00.500,2259.6
2013,08,08,CFFEX,IF,IF1403,1902892,1141.0,1374.0,15:15:00.500,2263.0
2013,08,09,CFFEX,IF,IF1308,2103665,985805.0,55338.0,15:15:00.500,2288.2
2013,08,09,CFFEX,IF,IF1309,2019341,94070.0,31122.0,15:15:00.500,2280.2
2013,08,09,CFFEX,IF,IF1312,1937727,10503.0,7226.0,15:15:00.500,2279.4
2013,08,09,CFFEX,IF,IF1403,1914799,1279.0,1286.0,15:15:00.500,2289.2
2013,08,12,CFFEX,IF,IF1308,2098411,923594.0,56694.0,15:15:00.500,2348.4
2013,08,12,CFFEX,IF,IF1309,2036793,142396.0,41769.0,15:15:00.500,2344.0
2013,08,12,CFFEX,IF,IF1312,1936796,10062.0,7166.0,15:15:00.500,2344.2
2013,08,12,CFFEX,IF,IF1403,1911252,1677.0,1545.0,15:15:00.500,2346.4
2013,08,13,CFFEX,IF,IF1308,2094660,607564.0,39953.0,15:15:00.500,2354.6
2013,08,13,CFFEX,IF,IF1309,2044286,141471.0,51187.0,15:15:00.500,2355.0
2013,08,13,CFFEX,IF,IF1312,1933175,5056.0,7311.0,15:15:00.500,2355.0
2013,08,13,CFFEX,IF,IF1403,1895995,723.0,1604.0,15:15:00.500,2356.6
2013,08,14,CFFEX,IF,IF1308,2075576,396091.0,18205.0,15:15:00.500,2349.0
2013,08,14,CFFEX,IF,IF1309,2090380,583797.0,70809.0,15:15:00.500,2353.4
2013,08,14,CFFEX,IF,IF1312,1937919,10091.0,7274.0,15:15:00.500,2360.0
2013,08,14,CFFEX,IF,IF1403,1912516,1876.0,1732.0,15:15:00.500,2368.6
2013,08,15,CFFEX,IF,IF1308,2035120,124573.0,9874.0,15:15:00.500,2324.2
2013,08,15,CFFEX,IF,IF1309,2097365,732032.0,75792.0,15:15:00.500,2329.6
2013,08,15,CFFEX,IF,IF1312,1941114,10007.0,7060.0,15:15:00.500,2338.8
2013,08,15,CFFEX,IF,IF1403,1904999,1486.0,1846.0,15:15:00.500,2347.6
2013,08,16,CFFEX,IF,IF1308,1694162,76605.0,2200.0,15:00:00.500,2330.0
2013,08,16,CFFEX,IF,IF1309,2108178,1220406.0,81087.0,15:15:00.500,2286.2
2013,08,16,CFFEX,IF,IF1312,1961200,26718.0,7947.0,15:15:00.500,2298.8
2013,08,16,CFFEX,IF,IF1403,1925430,3184.0,2111.0,15:15:00.500,2307.6
2013,08,19,CFFEX,IF,IF1309,2103812,893124.0,84364.0,15:15:00.500,2329.4
2013,08,19,CFFEX,IF,IF1310,1920621,9829.0,1273.0,15:15:00.500,2334.6
2013,08,19,CFFEX,IF,IF1312,1954556,16956.0,7858.0,15:15:00.500,2340.2
2013,08,19,CFFEX,IF,IF1403,1920147,1664.0,2226.0,15:15:00.500,2352.4
2013,08,20,CFFEX,IF,IF1309,2100288,905244.0,85443.0,15:15:00.500,2308.6
2013,08,20,CFFEX,IF,IF1310,1936832,8512.0,1616.0,15:15:00.500,2314.6
2013,08,20,CFFEX,IF,IF1312,1954339,14741.0,7992.0,15:15:00.500,2320.6
2013,08,20,CFFEX,IF,IF1403,1904304,1176.0,2225.0,15:15:00.500,2329.0
2013,08,21,CFFEX,IF,IF1309,2105212,908202.0,84422.0,15:15:00.500,2314.0
2013,08,21,CFFEX,IF,IF1310,1941249,7017.0,1718.0,15:15:00.500,2317.4
2013,08,21,CFFEX,IF,IF1312,1954876,14201.0,8027.0,15:15:00.500,2325.0
2013,08,21,CFFEX,IF,IF1403,1917911,1517.0,2235.0,15:15:00.500,2334.0
2013,08,22,CFFEX,IF,IF1309,2125680,853021.0,88103.0,15:15:00.500,2309.0
2013,08,22,CFFEX,IF,IF1310,1942045,7683.0,2574.0,15:15:00.500,2313.2
2013,08,22,CFFEX,IF,IF1312,1954413,12958.0,8129.0,15:15:00.500,2320.4
2013,08,22,CFFEX,IF,IF1403,1899084,984.0,2269.0,15:15:00.500,2328.0
2013,08,23,CFFEX,IF,IF1309,2124161,884883.0,88383.0,15:15:00.500,2279.2
2013,08,23,CFFEX,IF,IF1310,1941409,9700.0,3118.0,15:15:00.500,2283.0
2013,08,23,CFFEX,IF,IF1312,1954911,17749.0,8188.0,15:15:00.500,2290.2
2013,08,23,CFFEX,IF,IF1403,1914078,1638.0,2267.0,15:15:00.500,2302.0
2013,08,26,CFFEX,IF,IF1309,2122073,924234.0,92353.0,15:15:00.500,2340.0
2013,08,26,CFFEX,IF,IF1310,1947912,10990.0,3528.0,15:15:00.500,2345.6
2013,08,26,CFFEX,IF,IF1312,1960650,16593.0,8203.0,15:15:00.500,2350.2
2013,08,26,CFFEX,IF,IF1403,1914667,1304.0,2355.0,15:15:00.500,2362.0
2013,08,27,CFFEX,IF,IF1309,2114602,667709.0,83662.0,15:15:00.500,2338.4
2013,08,27,CFFEX,IF,IF1310,1942066,9398.0,3474.0,15:15:00.500,2342.0
2013,08,27,CFFEX,IF,IF1312,1947915,10878.0,8134.0,15:15:00.500,2349.2
2013,08,27,CFFEX,IF,IF1403,1903718,749.0,2268.0,15:15:00.500,2362.0
2013,08,28,CFFEX,IF,IF1309,2104899,934856.0,82229.0,15:15:00.500,2322.8
2013,08,28,CFFEX,IF,IF1310,1949958,13140.0,4040.0,15:15:00.500,2326.6
2013,08,28,CFFEX,IF,IF1312,1958914,18218.0,8123.0,15:15:00.500,2333.8
2013,08,28,CFFEX,IF,IF1403,1900610,1439.0,2302.0,15:15:00.500,2344.6
2013,08,29,CFFEX,IF,IF1309,2102838,883943.0,77581.0,15:15:00.500,2314.8
2013,08,29,CFFEX,IF,IF1310,1959643,16215.0,3923.0,15:15:00.500,2318.0
2013,08,29,CFFEX,IF,IF1312,1954105,15639.0,8208.0,15:15:00.500,2326.0
2013,08,29,CFFEX,IF,IF1403,1907469,897.0,2363.0,15:15:00.500,2337.0
2013,08,30,CFFEX,IF,IF1309,2101548,909314.0,77539.0,15:15:00.500,2302.2
2013,08,30,CFFEX,IF,IF1310,1953094,13680.0,4215.0,15:15:00.500,2304.6
2013,08,30,CFFEX,IF,IF1312,1955349,14576.0,8387.0,15:15:00.500,2312.8
2013,08,30,CFFEX,IF,IF1403,1910973,1211.0,2404.0,15:15:00.500,2325.2
2013,09,01,CFFEX,IF,IF1309,1015381,39044.0,73633.0,15:15:00.500,2419.6
2013,09,01,CFFEX,IF,IF1310,849858,24539.0,6177.0,15:15:00.500,2400.0
2013,09,01,CFFEX,IF,IF1312,667499,18138.0,9112.0,15:15:00.500,2544.4
2013,09,01,CFFEX,IF,IF1403,586476,12312.0,3678.0,15:15:00.500,2500.0
2013,09,02,CFFEX,IF,IF1309,2101437,810715.0,78931.0,15:15:00.500,2329.2
2013,09,02,CFFEX,IF,IF1310,1954530,13511.0,4850.0,15:15:00.500,2330.2
2013,09,02,CFFEX,IF,IF1312,1957164,14575.0,8574.0,15:15:00.500,2332.0
2013,09,02,CFFEX,IF,IF1403,1903883,1103.0,2475.0,15:15:00.500,2349.8
2013,09,03,CFFEX,IF,IF1309,2102115,845034.0,78642.0,15:15:00.500,2349.0
2013,09,03,CFFEX,IF,IF1310,1960110,17373.0,5120.0,15:15:00.500,2351.8
2013,09,03,CFFEX,IF,IF1312,1956653,14702.0,8864.0,15:15:00.500,2359.4
2013,09,03,CFFEX,IF,IF1403,1911814,1583.0,2593.0,15:15:00.500,2369.2
2013,09,04,CFFEX,IF,IF1309,2101146,519443.0,75542.0,15:15:00.500,2342.6
2013,09,04,CFFEX,IF,IF1310,1944691,7667.0,5522.0,15:15:00.500,2344.0
2013,09,04,CFFEX,IF,IF1312,1943968,7053.0,8934.0,15:15:00.500,2351.8
2013,09,04,CFFEX,IF,IF1403,1867589,1078.0,2719.0,15:15:00.500,2362.6
2013,09,05,CFFEX,IF,IF1309,2101664,597405.0,73915.0,15:15:00.500,2341.8
2013,09,05,CFFEX,IF,IF1310,1947756,10826.0,6106.0,15:15:00.500,2342.0
2013,09,05,CFFEX,IF,IF1312,1944315,8186.0,8926.0,15:15:00.500,2348.4
2013,09,05,CFFEX,IF,IF1403,1895108,792.0,2769.0,15:15:00.500,2360.8
2013,09,06,CFFEX,IF,IF1309,2101212,691661.0,73442.0,15:15:00.500,2355.2
2013,09,06,CFFEX,IF,IF1310,1958514,16989.0,6674.0,15:15:00.500,2355.8
2013,09,06,CFFEX,IF,IF1312,1943914,10532.0,9093.0,15:15:00.500,2362.6
2013,09,06,CFFEX,IF,IF1403,1905364,889.0,2779.0,15:15:00.500,2373.8
2013,09,09,CFFEX,IF,IF1309,2106768,867771.0,75449.0,15:15:00.500,2434.8
2013,09,09,CFFEX,IF,IF1310,1990806,40105.0,9943.0,15:15:00.500,2436.4
2013,09,09,CFFEX,IF,IF1312,1963293,18447.0,9724.0,15:15:00.500,2442.4
2013,09,09,CFFEX,IF,IF1403,1885091,2181.0,3043.0,15:15:00.500,2453.8
2013,09,10,CFFEX,IF,IF1309,2102151,638193.0,74151.0,15:15:00.500,2472.6
2013,09,10,CFFEX,IF,IF1310,2004888,33294.0,12668.0,15:15:00.500,2475.0
2013,09,10,CFFEX,IF,IF1312,1972275,12342.0,10225.0,15:15:00.500,2481.4
2013,09,10,CFFEX,IF,IF1403,1878799,1098.0,2965.0,15:15:00.500,2491.0
2013,09,11,CFFEX,IF,IF1309,2102085,681874.0,73110.0,15:15:00.500,2480.8
2013,09,11,CFFEX,IF,IF1310,2014697,42446.0,17496.0,15:15:00.500,2484.0
2013,09,11,CFFEX,IF,IF1312,1987556,13039.0,10738.0,15:15:00.500,2491.0
2013,09,11,CFFEX,IF,IF1403,1909295,1718.0,3142.0,15:15:00.500,2502.8
2013,09,12,CFFEX,IF,IF1309,2100363,808410.0,70000.0,15:15:00.500,2503.4
2013,09,12,CFFEX,IF,IF1310,2011436,64818.0,21855.0,15:15:00.500,2506.6
2013,09,12,CFFEX,IF,IF1312,1986762,15770.0,11103.0,15:15:00.500,2514.8
2013,09,12,CFFEX,IF,IF1403,1862874,1521.0,3247.0,15:15:00.500,2524.0
2013,09,13,CFFEX,IF,IF1309,2096867,610236.0,62007.0,15:15:00.500,2497.2
2013,09,13,CFFEX,IF,IF1310,2023196,66823.0,27252.0,15:15:00.500,2501.2
2013,09,13,CFFEX,IF,IF1312,1983465,11784.0,11314.0,15:15:00.500,2507.4
2013,09,13,CFFEX,IF,IF1403,1879843,1019.0,3210.0,15:15:00.500,2519.0
2013,09,16,CFFEX,IF,IF1309,2093784,600405.0,47403.0,15:15:00.500,2479.4
2013,09,16,CFFEX,IF,IF1310,2050819,153057.0,43326.0,15:15:00.500,2484.6
2013,09,16,CFFEX,IF,IF1312,1988466,15890.0,12710.0,15:15:00.500,2498.6
2013,09,16,CFFEX,IF,IF1403,1859602,1252.0,3307.0,15:15:00.500,2515.0
2013,09,17,CFFEX,IF,IF1309,2082112,457781.0,30464.0,15:15:00.500,2440.4
2013,09,17,CFFEX,IF,IF1310,2074913,352975.0,55361.0,15:15:00.500,2443.2
2013,09,17,CFFEX,IF,IF1312,1981830,17270.0,13733.0,15:15:00.500,2459.0
2013,09,17,CFFEX,IF,IF1403,1916255,1896.0,3282.0,15:15:00.500,2473.2
2013,09,18,CFFEX,IF,IF1309,2053489,175395.0,13052.0,15:15:00.500,2432.2
2013,09,18,CFFEX,IF,IF1310,2092997,608732.0,63379.0,15:15:00.500,2437.2
2013,09,18,CFFEX,IF,IF1312,1986322,14651.0,14049.0,15:15:00.500,2451.2
2013,09,18,CFFEX,IF,IF1403,1904269,1803.0,3538.0,15:15:00.500,2471.6
2013,09,23,CFFEX,IF,IF1309,1714895,51166.0,3294.0,15:00:00.500,2463.6
2013,09,23,CFFEX,IF,IF1310,2098911,741907.0,76370.0,15:15:00.500,2468.8
2013,09,23,CFFEX,IF,IF1312,1996116,18636.0,14944.0,15:15:00.500,2483.0
2013,09,23,CFFEX,IF,IF1403,1924808,1673.0,3720.0,15:15:00.500,2506.2
2013,09,24,CFFEX,IF,IF1310,2101595,771533.0,74656.0,15:15:00.500,2448.4
2013,09,24,CFFEX,IF,IF1311,1903148,3693.0,621.0,15:15:00.500,2455.6
2013,09,24,CFFEX,IF,IF1312,1998311,22954.0,15743.0,15:15:00.500,2461.2
2013,09,24,CFFEX,IF,IF1403,1905183,1761.0,3730.0,15:15:00.500,2485.2
2013,09,25,CFFEX,IF,IF1310,2098779,688034.0,75385.0,15:15:00.500,2434.8
2013,09,25,CFFEX,IF,IF1311,1903963,3524.0,979.0,15:15:00.500,2438.6
2013,09,25,CFFEX,IF,IF1312,1994895,17902.0,15881.0,15:15:00.500,2447.0
2013,09,25,CFFEX,IF,IF1403,1905901,1032.0,3674.0,15:15:00.500,2470.4
2013,09,26,CFFEX,IF,IF1310,2098644,779590.0,75323.0,15:15:00.500,2391.0
2013,09,26,CFFEX,IF,IF1311,1939468,5123.0,1382.0,15:15:00.500,2394.8
2013,09,26,CFFEX,IF,IF1312,2000951,23551.0,15860.0,15:15:00.500,2401.2
2013,09,26,CFFEX,IF,IF1403,1922811,2103.0,3686.0,15:15:00.500,2421.0
2013,09,27,CFFEX,IF,IF1310,2095081,563695.0,68500.0,15:15:00.500,2398.4
2013,09,27,CFFEX,IF,IF1311,1928151,2845.0,1385.0,15:15:00.500,2403.8
2013,09,27,CFFEX,IF,IF1312,1988644,14970.0,15541.0,15:15:00.500,2408.6
2013,09,27,CFFEX,IF,IF1403,1840002,1046.0,3701.0,15:15:00.500,2428.8
2013,09,30,CFFEX,IF,IF1310,2090404,476830.0,65134.0,15:15:00.500,2409.6
2013,09,30,CFFEX,IF,IF1311,1937190,3189.0,1533.0,15:15:00.500,2413.2
2013,09,30,CFFEX,IF,IF1312,1990390,14416.0,15376.0,15:15:00.500,2417.0
2013,09,30,CFFEX,IF,IF1403,1911081,1071.0,3571.0,15:15:00.500,2437.8
2013,09,06,CFFEX,TF,TF1312,1212158,34248.0,2625.0,15:15:00.500,94.17
2013,09,06,CFFEX,TF,TF1403,494316,1840.0,218.0,15:15:00.500,94.288
2013,09,06,CFFEX,TF,TF1406,338380,547.0,116.0,15:15:00.500,94.344
2013,09,09,CFFEX,TF,TF1312,817592,11831.0,2797.0,15:15:00.500,93.906
2013,09,09,CFFEX,TF,TF1403,464276,855.0,234.0,15:15:00.500,94.0
2013,09,09,CFFEX,TF,TF1406,287147,124.0,111.0,15:15:00.500,94.07
2013,09,10,CFFEX,TF,TF1312,552321,5375.0,2708.0,15:15:00.500,93.842
2013,09,10,CFFEX,TF,TF1403,300392,311.0,154.0,15:15:00.500,93.93
2013,09,10,CFFEX,TF,TF1406,212321,78.0,89.0,15:15:00.500,94.008
2013,09,11,CFFEX,TF,TF1312,734326,8830.0,3293.0,15:15:00.500,93.598
2013,09,11,CFFEX,TF,TF1403,347443,348.0,221.0,15:15:00.500,93.688
2013,09,11,CFFEX,TF,TF1406,259527,72.0,85.0,15:15:00.500,93.766
2013,09,12,CFFEX,TF,TF1312,726947,8379.0,2871.0,15:15:00.500,93.728
2013,09,12,CFFEX,TF,TF1403,340428,328.0,202.0,15:15:00.500,93.842
2013,09,12,CFFEX,TF,TF1406,303454,57.0,100.0,15:15:00.500,93.926
2013,09,13,CFFEX,TF,TF1312,602578,6901.0,3000.0,15:15:00.500,93.764
2013,09,13,CFFEX,TF,TF1403,275345,159.0,182.0,15:15:00.500,93.892
2013,09,13,CFFEX,TF,TF1406,237530,31.0,93.0,15:15:00.500,93.972
2013,09,16,CFFEX,TF,TF1312,482515,3850.0,3189.0,15:15:00.500,93.854
2013,09,16,CFFEX,TF,TF1403,231428,91.0,169.0,15:15:00.500,93.966
2013,09,16,CFFEX,TF,TF1406,190464,38.0,93.0,15:15:00.500,94.052
2013,09,17,CFFEX,TF,TF1312,1099274,22275.0,5022.0,15:15:00.500,94.234
2013,09,17,CFFEX,TF,TF1403,600620,528.0,166.0,15:15:00.500,94.044
2013,09,17,CFFEX,TF,TF1406,464088,137.0,98.0,15:15:00.500,94.396
2013,09,18,CFFEX,TF,TF1312,838369,10692.0,4465.0,15:15:00.500,94.206
2013,09,18,CFFEX,TF,TF1403,473863,220.0,172.0,15:15:00.500,94.31
2013,09,18,CFFEX,TF,TF1406,311084,68.0,105.0,15:15:00.500,94.364
2013,09,23,CFFEX,TF,TF1312,712567,7345.0,4527.0,15:15:00.500,94.35
2013,09,23,CFFEX,TF,TF1403,369213,212.0,194.0,15:15:00.500,94.438
2013,09,23,CFFEX,TF,TF1406,386253,117.0,110.0,15:15:00.500,94.45
2013,09,24,CFFEX,TF,TF1312,545415,5063.0,4493.0,15:15:00.500,94.34
2013,09,24,CFFEX,TF,TF1403,245139,123.0,202.0,15:15:00.500,94.43
2013,09,24,CFFEX,TF,TF1406,229069,38.0,113.0,15:15:00.500,94.482
2013,09,25,CFFEX,TF,TF1312,736964,8207.0,4731.0,15:15:00.500,94.42
2013,09,25,CFFEX,TF,TF1403,312528,173.0,202.0,15:15:00.500,94.49
2013,09,25,CFFEX,TF,TF1406,246328,88.0,121.0,15:15:00.500,94.52
2013,09,26,CFFEX,TF,TF1312,571699,5405.0,4752.0,15:15:00.500,94.572
2013,09,26,CFFEX,TF,TF1403,239360,52.0,203.0,15:15:00.500,94.636
2013,09,26,CFFEX,TF,TF1406,150288,56.0,133.0,15:15:00.500,94.668
2013,09,27,CFFEX,TF,TF1312,451671,4453.0,4109.0,15:15:00.500,94.346
2013,09,27,CFFEX,TF,TF1403,244792,103.0,215.0,15:15:00.500,94.404
2013,09,27,CFFEX,TF,TF1406,300184,51.0,120.0,15:15:00.500,94.406
2013,09,30,CFFEX,TF,TF1312,456698,3515.0,4094.0,15:15:00.500,94.462
2013,09,30,CFFEX,TF,TF1403,284335,58.0,222.0,15:15:00.500,94.484
2013,09,30,CFFEX,TF,TF1406,248922,48.0,128.0,15:15:00.500,94.496
2013,10,08,CFFEX,IF,IF1310,2092875,609153.0,67580.0,15:15:00.500,2440.0
2013,10,08,CFFEX,IF,IF1311,1941965,9084.0,2930.0,15:15:00.500,2444.2
2013,10,08,CFFEX,IF,IF1312,1995797,21108.0,15265.0,15:15:00.500,2446.2
2013,10,08,CFFEX,IF,IF1403,1904363,1844.0,3791.0,15:15:00.500,2465.0
2013,10,09,CFFEX,IF,IF1310,2097579,542702.0,67189.0,15:15:00.500,2457.0
2013,10,09,CFFEX,IF,IF1311,1943626,8751.0,4261.0,15:15:00.500,2458.6
2013,10,09,CFFEX,IF,IF1312,1998692,17452.0,15056.0,15:15:00.500,2461.8
2013,10,09,CFFEX,IF,IF1403,1905778,1278.0,3873.0,15:15:00.500,2484.4
2013,10,10,CFFEX,IF,IF1310,2100765,708396.0,63468.0,15:15:00.500,2429.0
2013,10,10,CFFEX,IF,IF1311,1946860,11217.0,5015.0,15:15:00.500,2432.0
2013,10,10,CFFEX,IF,IF1312,1998143,24062.0,15953.0,15:15:00.500,2436.8
2013,10,10,CFFEX,IF,IF1403,1853906,1478.0,3967.0,15:15:00.500,2454.0
2013,10,11,CFFEX,IF,IF1310,2103213,814167.0,57803.0,15:15:00.500,2466.0
2013,10,11,CFFEX,IF,IF1311,1958138,17028.0,6047.0,15:15:00.500,2470.6
2013,10,11,CFFEX,IF,IF1312,2005705,34013.0,15955.0,15:15:00.500,2475.4
2013,10,11,CFFEX,IF,IF1403,1845452,1740.0,4084.0,15:15:00.500,2496.8
2013,10,14,CFFEX,IF,IF1310,2099646,598659.0,56124.0,15:15:00.500,2468.8
2013,10,14,CFFEX,IF,IF1311,1974559,27450.0,9721.0,15:15:00.500,2474.0
2013,10,14,CFFEX,IF,IF1312,2006608,25509.0,17615.0,15:15:00.500,2480.8
2013,10,14,CFFEX,IF,IF1403,1922606,1595.0,4199.0,15:15:00.500,2501.6
2013,10,15,CFFEX,IF,IF1310,2097763,564680.0,50096.0,15:15:00.500,2461.4
2013,10,15,CFFEX,IF,IF1311,2016594,44986.0,16202.0,15:15:00.500,2461.8
2013,10,15,CFFEX,IF,IF1312,2001147,22048.0,18012.0,15:15:00.500,2468.2
2013,10,15,CFFEX,IF,IF1403,1912602,1414.0,4268.0,15:15:00.500,2487.2
2013,10,16,CFFEX,IF,IF1310,2096977,653508.0,41233.0,15:15:00.500,2426.4
2013,10,16,CFFEX,IF,IF1311,2043633,133420.0,32509.0,15:15:00.500,2424.8
2013,10,16,CFFEX,IF,IF1312,2007146,31455.0,18670.0,15:15:00.500,2427.6
2013,10,16,CFFEX,IF,IF1403,1926638,2318.0,4315.0,15:15:00.500,2441.2
2013,10,17,CFFEX,IF,IF1310,2079578,305786.0,21731.0,15:25:59.0,2411.0
2013,10,17,CFFEX,IF,IF1311,2085046,382250.0,50337.0,15:25:59.0,2405.2
2013,10,17,CFFEX,IF,IF1312,2002724,25064.0,19949.0,15:25:59.0,2409.0
2013,10,17,CFFEX,IF,IF1403,1916576,1683.0,4279.0,15:25:59.0,2423.0
2013,10,18,CFFEX,IF,IF1310,1789660,68365.0,4281.0,15:00:00.500,2428.4
2013,10,18,CFFEX,IF,IF1311,2101672,663579.0,62288.0,15:15:00.500,2415.0
2013,10,18,CFFEX,IF,IF1312,2003303,26449.0,21043.0,15:15:00.500,2417.0
2013,10,18,CFFEX,IF,IF1403,1928696,2540.0,4597.0,15:15:00.500,2427.2
2013,10,21,CFFEX,IF,IF1311,2100246,700800.0,70272.0,15:15:00.500,2466.4
2013,10,21,CFFEX,IF,IF1312,2004338,35005.0,21202.0,15:15:00.500,2468.0
2013,10,21,CFFEX,IF,IF1403,1929785,3609.0,4645.0,15:15:00.500,2476.4
2013,10,21,CFFEX,IF,IF1406,1861348,1168.0,415.0,15:15:00.500,2477.4
2013,10,22,CFFEX,IF,IF1311,2100122,609161.0,68616.0,15:15:00.500,2446.0
2013,10,22,CFFEX,IF,IF1312,2003101,28250.0,21372.0,15:15:00.500,2447.0
2013,10,22,CFFEX,IF,IF1403,1924018,2683.0,4701.0,15:15:00.500,2454.0
2013,10,22,CFFEX,IF,IF1406,1865613,606.0,526.0,15:15:00.500,2455.2
2013,10,23,CFFEX,IF,IF1311,2104281,840645.0,71744.0,15:15:00.500,2418.8
2013,10,23,CFFEX,IF,IF1312,2011104,41496.0,21209.0,15:15:00.500,2420.2
2013,10,23,CFFEX,IF,IF1403,1931482,4303.0,4649.0,15:15:00.500,2426.8
2013,10,23,CFFEX,IF,IF1406,1868185,821.0,658.0,15:15:00.500,2430.8
2013,10,24,CFFEX,IF,IF1311,2102924,740692.0,74587.0,15:15:00.500,2405.4
2013,10,24,CFFEX,IF,IF1312,2010687,35776.0,21748.0,15:15:00.500,2405.4
2013,10,24,CFFEX,IF,IF1403,1940076,3277.0,4741.0,15:15:00.500,2413.2
2013,10,24,CFFEX,IF,IF1406,1875276,692.0,692.0,15:15:00.500,2416.8
2013,10,25,CFFEX,IF,IF1311,2102151,812595.0,74187.0,15:15:00.500,2360.6
2013,10,25,CFFEX,IF,IF1312,2008113,40857.0,22273.0,15:15:00.500,2360.4
2013,10,25,CFFEX,IF,IF1403,1930455,3478.0,4842.0,15:15:00.500,2369.0
2013,10,25,CFFEX,IF,IF1406,1864226,954.0,791.0,15:15:00.500,2371.2
2013,10,28,CFFEX,IF,IF1311,2097574,599572.0,72429.0,15:15:00.500,2363.6
2013,10,28,CFFEX,IF,IF1312,2009021,28885.0,23190.0,15:15:00.500,2365.2
2013,10,28,CFFEX,IF,IF1403,1936770,2790.0,4955.0,15:15:00.500,2374.6
2013,10,28,CFFEX,IF,IF1406,1866908,587.0,939.0,15:15:00.500,2375.6
2013,10,29,CFFEX,IF,IF1311,2103804,991362.0,70553.0,15:15:00.500,2368.2
2013,10,29,CFFEX,IF,IF1312,2013968,61663.0,23148.0,15:15:00.500,2369.6
2013,10,29,CFFEX,IF,IF1403,1938173,5331.0,4868.0,15:15:00.500,2379.6
2013,10,29,CFFEX,IF,IF1406,1899472,1584.0,1095.0,15:15:00.500,2380.4
2013,10,30,CFFEX,IF,IF1311,2101338,813558.0,68037.0,15:15:00.500,2391.8
2013,10,30,CFFEX,IF,IF1312,2012788,48267.0,23952.0,15:15:00.500,2393.0
2013,10,30,CFFEX,IF,IF1403,1931338,3310.0,4925.0,15:15:00.500,2401.0
2013,10,30,CFFEX,IF,IF1406,1905160,1019.0,1126.0,15:15:00.500,2404.0
2013,10,31,CFFEX,IF,IF1311,2100055,708038.0,64978.0,15:15:00.500,2381.0
2013,10,31,CFFEX,IF,IF1312,2010956,40404.0,24380.0,15:15:00.500,2381.6
2013,10,31,CFFEX,IF,IF1403,1936962,3638.0,5037.0,15:15:00.500,2390.4
2013,10,31,CFFEX,IF,IF1406,1895841,905.0,1221.0,15:15:00.500,2392.4
2013,10,08,CFFEX,TF,TF1312,336342,2399.0,3955.0,15:15:00.500,94.412
2013,10,08,CFFEX,TF,TF1403,196393,32.0,221.0,15:15:00.500,94.462
2013,10,08,CFFEX,TF,TF1406,122963,31.0,126.0,15:15:00.500,94.456
2013,10,09,CFFEX,TF,TF1312,308327,1869.0,3802.0,15:15:00.500,94.362
2013,10,09,CFFEX,TF,TF1403,154930,62.0,236.0,15:15:00.500,94.38
2013,10,09,CFFEX,TF,TF1406,97413,16.0,119.0,15:15:00.500,94.396
2013,10,10,CFFEX,TF,TF1312,319231,1506.0,3777.0,15:15:00.500,94.35
2013,10,10,CFFEX,TF,TF1403,209006,21.0,232.0,15:15:00.500,94.37
2013,10,10,CFFEX,TF,TF1406,131122,18.0,117.0,15:15:00.500,94.398
2013,10,11,CFFEX,TF,TF1312,311448,1730.0,3691.0,15:15:00.500,94.29
2013,10,11,CFFEX,TF,TF1403,158393,20.0,236.0,15:15:00.500,94.328
2013,10,11,CFFEX,TF,TF1406,161933,14.0,112.0,15:15:00.500,94.318
2013,10,14,CFFEX,TF,TF1312,400203,2493.0,3663.0,15:15:00.500,94.118
2013,10,14,CFFEX,TF,TF1403,196880,64.0,239.0,15:15:00.500,94.158
2013,10,14,CFFEX,TF,TF1406,170979,42.0,107.0,15:15:00.500,94.188
2013,10,15,CFFEX,TF,TF1312,352996,2242.0,3742.0,15:15:00.500,93.948
2013,10,15,CFFEX,TF,TF1403,178785,80.0,240.0,15:15:00.500,94.044
2013,10,15,CFFEX,TF,TF1406,159204,41.0,103.0,15:15:00.500,94.058
2013,10,16,CFFEX,TF,TF1312,389691,3253.0,4026.0,15:15:00.500,94.012
2013,10,16,CFFEX,TF,TF1403,260929,72.0,253.0,15:15:00.500,94.112
2013,10,16,CFFEX,TF,TF1406,218366,40.0,110.0,15:15:00.500,94.198
2013,10,17,CFFEX,TF,TF1312,283644,1616.0,4071.0,15:25:59.0,93.926
2013,10,17,CFFEX,TF,TF1403,158192,20.0,255.0,15:25:59.0,94.04
2013,10,17,CFFEX,TF,TF1406,141485,11.0,105.0,15:25:59.0,94.13
2013,10,18,CFFEX,TF,TF1312,230808,1002.0,4101.0,15:15:00.500,93.886
2013,10,18,CFFEX,TF,TF1403,132130,27.0,265.0,15:15:00.500,94.016
2013,10,18,CFFEX,TF,TF1406,126614,27.0,107.0,15:15:00.500,94.092
2013,10,21,CFFEX,TF,TF1312,195248,1068.0,3920.0,15:15:00.500,93.858
2013,10,21,CFFEX,TF,TF1403,126643,21.0,271.0,15:15:00.500,93.984
2013,10,21,CFFEX,TF,TF1406,107174,10.0,106.0,15:15:00.500,94.104
2013,10,22,CFFEX,TF,TF1312,297882,2021.0,3656.0,15:15:00.500,93.772
2013,10,22,CFFEX,TF,TF1403,129149,29.0,274.0,15:15:00.500,93.91
2013,10,22,CFFEX,TF,TF1406,94065,23.0,111.0,15:15:00.500,94.024
2013,10,23,CFFEX,TF,TF1312,258091,1846.0,3621.0,15:15:00.500,93.812
2013,10,23,CFFEX,TF,TF1403,141784,56.0,253.0,15:15:00.500,93.94
2013,10,23,CFFEX,TF,TF1406,130124,8.0,108.0,15:15:00.500,94.036
2013,10,24,CFFEX,TF,TF1312,308179,2129.0,3818.0,15:15:00.500,93.6
2013,10,24,CFFEX,TF,TF1403,135463,70.0,290.0,15:15:00.500,93.778
2013,10,24,CFFEX,TF,TF1406,92914,15.0,108.0,15:15:00.500,93.872
2013,10,25,CFFEX,TF,TF1312,358600,2209.0,3661.0,15:15:00.500,93.688
2013,10,25,CFFEX,TF,TF1403,176437,43.0,308.0,15:15:00.500,93.85
2013,10,25,CFFEX,TF,TF1406,78451,13.0,108.0,15:15:00.500,93.962
2013,10,28,CFFEX,TF,TF1312,258597,1640.0,3648.0,15:15:00.500,93.67
2013,10,28,CFFEX,TF,TF1403,103978,51.0,336.0,15:15:00.500,93.85
2013,10,28,CFFEX,TF,TF1406,80160,10.0,110.0,15:15:00.500,94.006
2013,10,29,CFFEX,TF,TF1312,389767,2602.0,3829.0,15:15:00.500,93.504
2013,10,29,CFFEX,TF,TF1403,174831,47.0,348.0,15:15:00.500,93.744
2013,10,29,CFFEX,TF,TF1406,107058,22.0,108.0,15:15:00.500,93.942
2013,10,30,CFFEX,TF,TF1312,329715,1873.0,3774.0,15:15:00.500,93.54
2013,10,30,CFFEX,TF,TF1403,145326,43.0,367.0,15:15:00.500,93.754
2013,10,30,CFFEX,TF,TF1406,83468,8.0,108.0,15:15:00.500,93.946
2013,10,31,CFFEX,TF,TF1312,358966,2171.0,3545.0,15:15:00.500,93.74
2013,10,31,CFFEX,TF,TF1403,151110,14.0,367.0,15:15:00.500,93.956
2013,10,31,CFFEX,TF,TF1406,73504,16.0,112.0,15:15:00.500,94.002
2013,11,01,CFFEX,IF,IF1311,2101912,680253.0,66181.0,15:15:00.500,2391.4
2013,11,01,CFFEX,IF,IF1312,2012548,38516.0,24995.0,15:15:00.500,2391.8
2013,11,01,CFFEX,IF,IF1403,1932080,3162.0,5003.0,15:15:00.500,2401.0
2013,11,01,CFFEX,IF,IF1406,1897284,627.0,1297.0,15:15:00.500,2402.0
2013,11,04,CFFEX,IF,IF1311,2098291,597017.0,68212.0,15:15:00.500,2384.0
2013,11,04,CFFEX,IF,IF1312,2013912,37940.0,26560.0,15:15:00.500,2385.6
2013,11,04,CFFEX,IF,IF1403,1936272,2757.0,5076.0,15:15:00.500,2396.0
2013,11,04,CFFEX,IF,IF1406,1895882,779.0,1401.0,15:15:00.500,2395.2
2013,11,05,CFFEX,IF,IF1311,2102503,721087.0,67716.0,15:15:00.500,2381.4
2013,11,05,CFFEX,IF,IF1312,2016600,45715.0,26532.0,15:15:00.500,2382.6
2013,11,05,CFFEX,IF,IF1403,1938935,3661.0,5069.0,15:15:00.500,2394.0
2013,11,05,CFFEX,IF,IF1406,1892922,955.0,1496.0,15:15:00.500,2393.8
2013,11,06,CFFEX,IF,IF1311,2100604,660725.0,71441.0,15:15:00.500,2350.8
2013,11,06,CFFEX,IF,IF1312,2017252,47364.0,28418.0,15:15:00.500,2351.8
2013,11,06,CFFEX,IF,IF1403,1934825,3563.0,5232.0,15:15:00.500,2364.0
2013,11,06,CFFEX,IF,IF1406,1899539,693.0,1521.0,15:15:00.500,2363.8
2013,11,07,CFFEX,IF,IF1311,2100177,697393.0,68538.0,15:15:00.500,2349.4
2013,11,07,CFFEX,IF,IF1312,2016764,49803.0,29641.0,15:15:00.500,2350.0
2013,11,07,CFFEX,IF,IF1403,1935821,3382.0,5288.0,15:15:00.500,2360.6
2013,11,07,CFFEX,IF,IF1406,1905758,670.0,1572.0,15:15:00.500,2359.8
2013,11,08,CFFEX,IF,IF1311,2099949,716121.0,71055.0,15:15:00.500,2311.2
2013,11,08,CFFEX,IF,IF1312,2019070,62630.0,32339.0,15:15:00.500,2311.6
2013,11,08,CFFEX,IF,IF1403,1932204,3849.0,5510.0,15:15:00.500,2324.4
2013,11,08,CFFEX,IF,IF1406,1898690,884.0,1648.0,15:15:00.500,2323.2
2013,11,11,CFFEX,IF,IF1311,2096000,641007.0,61518.0,15:15:00.500,2319.2
2013,11,11,CFFEX,IF,IF1312,2025717,79210.0,37453.0,15:15:00.500,2318.4
2013,11,11,CFFEX,IF,IF1403,1938952,4185.0,5680.0,15:15:00.500,2326.6
2013,11,11,CFFEX,IF,IF1406,1887747,854.0,1776.0,15:15:00.500,2326.6
2013,11,12,CFFEX,IF,IF1311,2100240,667948.0,52553.0,15:15:00.500,2332.6
2013,11,12,CFFEX,IF,IF1312,2043025,122777.0,43773.0,15:15:00.500,2331.4
2013,11,12,CFFEX,IF,IF1403,1934306,4247.0,5833.0,15:15:00.500,2339.6
2013,11,12,CFFEX,IF,IF1406,1891781,961.0,1846.0,15:15:00.500,2340.6
2013,11,13,CFFEX,IF,IF1311,2093453,545424.0,41369.0,15:15:00.500,2294.4
2013,11,13,CFFEX,IF,IF1312,2065993,229597.0,61140.0,15:15:00.500,2287.6
2013,11,13,CFFEX,IF,IF1403,1935611,5986.0,6471.0,15:15:00.500,2297.6
2013,11,13,CFFEX,IF,IF1406,1862690,1272.0,1952.0,15:15:00.500,2297.8
2013,11,14,CFFEX,IF,IF1311,2069764,237983.0,20549.0,15:15:00.500,2301.4
2013,11,14,CFFEX,IF,IF1312,2093698,505154.0,75853.0,15:15:00.500,2296.6
2013,11,14,CFFEX,IF,IF1403,1930215,5824.0,7080.0,15:15:00.500,2306.8
2013,11,14,CFFEX,IF,IF1406,1868413,1449.0,2324.0,15:15:00.500,2306.8
2013,11,15,CFFEX,IF,IF1311,1763843,98254.0,2454.0,15:00:00.500,2359.8
2013,11,15,CFFEX,IF,IF1312,2130021,896123.0,88962.0,15:15:00.500,2344.4
2013,11,15,CFFEX,IF,IF1403,1957654,14476.0,7402.0,15:15:00.500,2354.2
2013,11,15,CFFEX,IF,IF1406,1925292,2714.0,2455.0,15:15:00.500,2352.6
2013,11,18,CFFEX,IF,IF1312,2133335,919457.0,95371.0,15:15:00.500,2415.6
2013,11,18,CFFEX,IF,IF1401,1923402,9480.0,1827.0,15:15:00.500,2420.2
2013,11,18,CFFEX,IF,IF1403,1957665,15627.0,7651.0,15:15:00.500,2427.0
2013,11,18,CFFEX,IF,IF1406,1841903,2248.0,2818.0,15:15:00.500,2428.4
2013,11,19,CFFEX,IF,IF1312,2129625,568402.0,90273.0,15:15:00.500,2415.2
2013,11,19,CFFEX,IF,IF1401,1943914,7134.0,2473.0,15:15:00.500,2418.4
2013,11,19,CFFEX,IF,IF1403,1944188,9165.0,8152.0,15:15:00.500,2428.0
2013,11,19,CFFEX,IF,IF1406,1602263,1445.0,3079.0,15:15:00.500,2430.0
2013,11,20,CFFEX,IF,IF1312,2130953,717558.0,91286.0,15:15:00.500,2430.2
2013,11,20,CFFEX,IF,IF1401,1944344,9638.0,2867.0,15:15:00.500,2433.6
2013,11,20,CFFEX,IF,IF1403,1949963,11878.0,8437.0,15:15:00.500,2442.8
2013,11,20,CFFEX,IF,IF1406,1717821,2650.0,3283.0,15:15:00.500,2444.0
2013,11,21,CFFEX,IF,IF1312,2128333,746656.0,88455.0,15:15:00.500,2414.6
2013,11,21,CFFEX,IF,IF1401,1943892,9764.0,3270.0,15:15:00.500,2415.6
2013,11,21,CFFEX,IF,IF1403,1949070,12422.0,8238.0,15:15:00.500,2424.0
2013,11,21,CFFEX,IF,IF1406,1774438,2069.0,3432.0,15:15:00.500,2427.8
2013,11,22,CFFEX,IF,IF1312,2129586,740244.0,90821.0,15:15:00.500,2407.2
2013,11,22,CFFEX,IF,IF1401,1947474,10443.0,3706.0,15:15:00.500,2405.8
2013,11,22,CFFEX,IF,IF1403,1951531,12140.0,8506.0,15:15:00.500,2415.4
2013,11,22,CFFEX,IF,IF1406,1757105,1447.0,3608.0,15:15:00.500,2418.8
2013,11,25,CFFEX,IF,IF1312,2130080,737849.0,96456.0,15:15:00.500,2390.2
2013,11,25,CFFEX,IF,IF1401,1954079,11821.0,3966.0,15:15:00.500,2390.2
2013,11,25,CFFEX,IF,IF1403,1952483,12343.0,8693.0,15:15:00.500,2400.4
2013,11,25,CFFEX,IF,IF1406,1765744,2205.0,4270.0,15:15:00.500,2404.0
2013,11,26,CFFEX,IF,IF1312,2132905,666446.0,95652.0,15:15:00.500,2391.0
2013,11,26,CFFEX,IF,IF1401,1946572,10452.0,4295.0,15:15:00.500,2391.8
2013,11,26,CFFEX,IF,IF1403,1944085,9750.0,8949.0,15:15:00.500,2399.6
2013,11,26,CFFEX,IF,IF1406,1671660,1574.0,4263.0,15:15:00.500,2405.4
2013,11,27,CFFEX,IF,IF1312,2134720,816268.0,95635.0,15:15:00.500,2422.4
2013,11,27,CFFEX,IF,IF1401,1961757,15893.0,4894.0,15:15:00.500,2423.8
2013,11,27,CFFEX,IF,IF1403,1954736,13542.0,9239.0,15:15:00.500,2431.6
2013,11,27,CFFEX,IF,IF1406,1751012,2098.0,4341.0,15:15:00.500,2435.6
2013,11,28,CFFEX,IF,IF1312,2136710,837429.0,99150.0,15:15:00.500,2448.6
2013,11,28,CFFEX,IF,IF1401,1966082,20759.0,6213.0,15:15:00.500,2451.2
2013,11,28,CFFEX,IF,IF1403,1966577,15701.0,10035.0,15:15:00.500,2459.4
2013,11,28,CFFEX,IF,IF1406,1692093,2678.0,4447.0,15:15:00.500,2463.8
2013,11,29,CFFEX,IF,IF1312,2131408,512085.0,95717.0,15:15:00.500,2457.0
2013,11,29,CFFEX,IF,IF1401,1946660,9617.0,6533.0,15:15:00.500,2458.0
2013,11,29,CFFEX,IF,IF1403,1975716,6743.0,10263.0,15:15:00.500,2467.2
2013,11,29,CFFEX,IF,IF1406,1649087,1176.0,4464.0,15:15:00.500,2470.2
2013,11,01,CFFEX,TF,TF1312,343035,1713.0,3433.0,15:15:00.500,93.836
2013,11,01,CFFEX,TF,TF1403,196349,48.0,355.0,15:15:00.500,94.026
2013,11,01,CFFEX,TF,TF1406,33732,46.0,126.0,15:15:00.500,94.11
2013,11,04,CFFEX,TF,TF1312,317824,2025.0,3242.0,15:15:00.500,93.632
2013,11,04,CFFEX,TF,TF1403,160519,35.0,358.0,15:15:00.500,93.828
2013,11,04,CFFEX,TF,TF1406,77543,15.0,127.0,15:15:00.500,94.006
2013,11,05,CFFEX,TF,TF1312,289238,2428.0,2526.0,15:15:00.500,93.474
2013,11,05,CFFEX,TF,TF1403,120441,94.0,396.0,15:15:00.500,93.756
2013,11,05,CFFEX,TF,TF1406,78322,22.0,130.0,15:15:00.500,93.894
2013,11,06,CFFEX,TF,TF1312,263007,1932.0,2836.0,15:15:00.500,93.362
2013,11,06,CFFEX,TF,TF1403,103936,34.0,405.0,15:15:00.500,93.68
2013,11,06,CFFEX,TF,TF1406,13341,26.0,140.0,15:15:00.500,93.93
2013,11,07,CFFEX,TF,TF1312,530894,4139.0,3275.0,15:15:00.500,92.828
2013,11,07,CFFEX,TF,TF1403,271533,152.0,452.0,15:15:00.500,93.284
2013,11,07,CFFEX,TF,TF1406,89937,40.0,140.0,15:15:00.500,93.61
2013,11,08,CFFEX,TF,TF1312,481139,3139.0,2694.0,15:15:00.500,92.292
2013,11,08,CFFEX,TF,TF1403,277575,267.0,549.0,15:15:00.500,92.84
2013,11,08,CFFEX,TF,TF1406,32831,76.0,163.0,15:15:00.500,93.36
2013,11,11,CFFEX,TF,TF1312,627992,3901.0,2717.0,15:15:00.500,91.73
2013,11,11,CFFEX,TF,TF1403,389100,255.0,637.0,15:15:00.500,92.262
2013,11,11,CFFEX,TF,TF1406,34207,57.0,172.0,15:15:00.500,92.814
2013,11,12,CFFEX,TF,TF1312,655300,5568.0,2180.0,15:15:00.500,92.096
2013,11,12,CFFEX,TF,TF1403,414671,350.0,655.0,15:15:00.500,92.542
2013,11,12,CFFEX,TF,TF1406,102050,145.0,203.0,15:15:00.500,92.82
2013,11,13,CFFEX,TF,TF1312,507319,3586.0,2422.0,15:15:00.500,91.82
2013,11,13,CFFEX,TF,TF1403,350832,263.0,700.0,15:15:00.500,92.3
2013,11,13,CFFEX,TF,TF1406,89520,62.0,206.0,15:15:00.500,92.618
2013,11,14,CFFEX,TF,TF1312,584269,3516.0,2586.0,15:15:00.500,91.63
2013,11,14,CFFEX,TF,TF1403,387371,300.0,778.0,15:15:00.500,92.16
2013,11,14,CFFEX,TF,TF1406,147615,95.0,204.0,15:15:00.500,92.556
2013,11,15,CFFEX,TF,TF1312,550040,3633.0,2721.0,15:15:00.500,91.318
2013,11,15,CFFEX,TF,TF1403,354216,472.0,904.0,15:15:00.500,91.802
2013,11,15,CFFEX,TF,TF1406,90475,72.0,184.0,15:15:00.500,92.32
2013,11,18,CFFEX,TF,TF1312,549600,3387.0,2759.0,15:15:00.500,91.342
2013,11,18,CFFEX,TF,TF1403,364907,342.0,934.0,15:15:00.500,91.712
2013,11,18,CFFEX,TF,TF1406,48668,68.0,171.0,15:15:00.500,92.108
2013,11,19,CFFEX,TF,TF1312,587698,3584.0,2946.0,15:15:00.500,90.94
2013,11,19,CFFEX,TF,TF1403,408236,367.0,1021.0,15:15:00.500,91.3
2013,11,19,CFFEX,TF,TF1406,95125,30.0,176.0,15:15:00.500,91.956
2013,11,20,CFFEX,TF,TF1312,575065,3919.0,3088.0,15:15:00.500,91.092
2013,11,20,CFFEX,TF,TF1403,411039,653.0,1216.0,15:15:00.500,91.66
2013,11,20,CFFEX,TF,TF1406,108560,68.0,194.0,15:15:00.500,92.186
2013,11,21,CFFEX,TF,TF1312,571561,3405.0,2805.0,15:15:00.500,91.396
2013,11,21,CFFEX,TF,TF1403,381745,769.0,1319.0,15:15:00.500,91.98
2013,11,21,CFFEX,TF,TF1406,62899,87.0,176.0,15:15:00.500,92.37
2013,11,22,CFFEX,TF,TF1312,591706,2804.0,2378.0,15:15:00.500,91.604
2013,11,22,CFFEX,TF,TF1403,449934,749.0,1414.0,15:15:00.500,92.1
2013,11,22,CFFEX,TF,TF1406,104452,90.0,186.0,15:15:00.500,92.554
2013,11,25,CFFEX,TF,TF1312,420542,1858.0,2025.0,15:15:00.500,91.308
2013,11,25,CFFEX,TF,TF1403,353949,808.0,1545.0,15:15:00.500,91.754
2013,11,25,CFFEX,TF,TF1406,74262,107.0,186.0,15:15:00.500,92.256
2013,11,26,CFFEX,TF,TF1312,303830,1295.0,1821.0,15:15:00.500,91.374
2013,11,26,CFFEX,TF,TF1403,274748,561.0,1649.0,15:15:00.500,91.82
2013,11,26,CFFEX,TF,TF1406,59144,30.0,193.0,15:15:00.500,92.246
2013,11,27,CFFEX,TF,TF1312,455336,2363.0,1520.0,15:15:00.500,91.766
2013,11,27,CFFEX,TF,TF1403,487147,1681.0,1757.0,15:15:00.500,92.27
2013,11,27,CFFEX,TF,TF1406,110172,80.0,191.0,15:15:00.500,92.596
2013,11,28,CFFEX,TF,TF1312,424423,1268.0,1152.0,15:15:00.500,91.888
2013,11,28,CFFEX,TF,TF1403,497712,2300.0,1822.0,15:15:00.500,92.548
2013,11,28,CFFEX,TF,TF1406,143050,50.0,193.0,15:15:00.500,92.84
2013,11,29,CFFEX,TF,TF1312,409189,897.0,950.0,15:15:00.500,91.782
2013,11,29,CFFEX,TF,TF1403,553730,3391.0,2069.0,15:15:00.500,92.558
2013,11,29,CFFEX,TF,TF1406,103105,67.0,189.0,15:15:00.500,92.906
2013,12,02,CFFEX,IF,IF1312,2136328,925918.0,95940.0,15:15:00.500,2433.4
2013,12,02,CFFEX,IF,IF1401,1976593,34742.0,8778.0,15:15:00.500,2437.2
2013,12,02,CFFEX,IF,IF1403,1999914,20941.0,10825.0,15:15:00.500,2442.6
2013,12,02,CFFEX,IF,IF1406,1801962,3871.0,4723.0,15:15:00.500,2447.4
2013,12,03,CFFEX,IF,IF1312,2130376,683700.0,95950.0,15:15:00.500,2451.6
2013,12,03,CFFEX,IF,IF1401,1959870,20522.0,9385.0,15:15:00.500,2456.0
2013,12,03,CFFEX,IF,IF1403,1984816,13148.0,11275.0,15:15:00.500,2462.0
2013,12,03,CFFEX,IF,IF1406,1690347,2047.0,4815.0,15:15:00.500,2464.6
2013,12,04,CFFEX,IF,IF1312,2136099,844487.0,98011.0,15:15:00.500,2482.2
2013,12,04,CFFEX,IF,IF1401,2002205,30648.0,12051.0,15:15:00.500,2485.8
2013,12,04,CFFEX,IF,IF1403,1995633,17569.0,11513.0,15:15:00.500,2493.6
2013,12,04,CFFEX,IF,IF1406,1752789,2943.0,5015.0,15:15:00.500,2494.4
2013,12,05,CFFEX,IF,IF1312,2131947,548688.0,94268.0,15:15:00.500,2483.8
2013,12,05,CFFEX,IF,IF1401,1999216,17568.0,12264.0,15:15:00.500,2486.8
2013,12,05,CFFEX,IF,IF1403,1976884,9003.0,11891.0,15:15:00.500,2493.2
2013,12,05,CFFEX,IF,IF1406,1553632,1328.0,5200.0,15:15:00.500,2496.4
2013,12,06,CFFEX,IF,IF1312,2131273,595838.0,92816.0,15:15:00.500,2467.0
2013,12,06,CFFEX,IF,IF1401,2002156,19440.0,12933.0,15:15:00.500,2470.8
2013,12,06,CFFEX,IF,IF1403,1978491,10947.0,12129.0,15:15:00.500,2477.6
2013,12,06,CFFEX,IF,IF1406,1600192,1850.0,5477.0,15:15:00.500,2481.4
2013,12,09,CFFEX,IF,IF1312,2128017,537358.0,94395.0,15:15:00.500,2461.4
2013,12,09,CFFEX,IF,IF1401,2008695,23093.0,15514.0,15:15:00.500,2464.2
2013,12,09,CFFEX,IF,IF1403,1982376,10849.0,12971.0,15:15:00.500,2474.0
2013,12,09,CFFEX,IF,IF1406,1633256,1791.0,5695.0,15:15:00.500,2477.0
2013,12,10,CFFEX,IF,IF1312,2132403,611202.0,91767.0,15:15:00.500,2462.0
2013,12,10,CFFEX,IF,IF1401,2010344,27470.0,17498.0,15:15:00.500,2466.8
2013,12,10,CFFEX,IF,IF1403,1985814,11342.0,13299.0,15:15:00.500,2473.2
2013,12,10,CFFEX,IF,IF1406,1628539,1818.0,5806.0,15:15:00.500,2478.0
2013,12,11,CFFEX,IF,IF1312,2129479,587955.0,92030.0,15:15:00.500,2421.0
2013,12,11,CFFEX,IF,IF1401,2015721,36392.0,23111.0,15:15:00.500,2425.2
2013,12,11,CFFEX,IF,IF1403,1984564,11815.0,13413.0,15:15:00.500,2431.4
2013,12,11,CFFEX,IF,IF1406,1670788,2524.0,6001.0,15:15:00.500,2435.4
2013,12,12,CFFEX,IF,IF1312,2122600,474825.0,88585.0,15:15:00.500,2412.6
2013,12,12,CFFEX,IF,IF1401,2013955,27428.0,24920.0,15:15:00.500,2418.8
2013,12,12,CFFEX,IF,IF1403,1975145,7321.0,13328.0,15:15:00.500,2425.2
2013,12,12,CFFEX,IF,IF1406,1510660,1287.0,6105.0,15:15:00.500,2427.2
2013,12,13,CFFEX,IF,IF1312,2100031,629182.0,79075.0,15:15:00.500,2414.2
2013,12,13,CFFEX,IF,IF1401,2020192,51411.0,27184.0,15:15:00.500,2416.8
2013,12,13,CFFEX,IF,IF1403,1990623,12761.0,13705.0,15:15:00.500,2421.6
2013,12,13,CFFEX,IF,IF1406,1719401,2126.0,6170.0,15:15:00.500,2427.0
2013,12,16,CFFEX,IF,IF1312,2096720,595506.0,77333.0,15:15:00.500,2365.6
2013,12,16,CFFEX,IF,IF1401,2029040,91415.0,35032.0,15:15:00.500,2369.4
2013,12,16,CFFEX,IF,IF1403,1986902,13740.0,14530.0,15:15:00.500,2374.6
2013,12,16,CFFEX,IF,IF1406,1713337,2773.0,6341.0,15:15:00.500,2381.2
2013,12,17,CFFEX,IF,IF1312,2092315,468499.0,66933.0,15:15:00.500,2357.8
2013,12,17,CFFEX,IF,IF1401,2038578,110543.0,43894.0,15:15:00.500,2361.6
2013,12,17,CFFEX,IF,IF1403,1977046,9998.0,15089.0,15:15:00.500,2368.8
2013,12,17,CFFEX,IF,IF1406,1679181,2074.0,6690.0,15:15:00.500,2372.2
2013,12,18,CFFEX,IF,IF1312,2089909,368545.0,51539.0,15:15:00.500,2368.2
2013,12,18,CFFEX,IF,IF1401,2058433,158426.0,55100.0,15:15:00.500,2373.6
2013,12,18,CFFEX,IF,IF1403,1974295,7444.0,15315.0,15:15:00.500,2382.0
2013,12,18,CFFEX,IF,IF1406,1664358,1420.0,6706.0,15:15:00.500,2384.6
2013,12,19,CFFEX,IF,IF1312,2062500,216332.0,30785.0,15:15:00.500,2341.0
2013,12,19,CFFEX,IF,IF1401,2091007,533171.0,76660.0,15:15:00.500,2349.0
2013,12,19,CFFEX,IF,IF1403,1992457,14912.0,16527.0,15:15:00.500,2360.6
2013,12,19,CFFEX,IF,IF1406,1902895,2978.0,7278.0,15:15:00.500,2362.0
2013,12,20,CFFEX,IF,IF1312,1898149,84444.0,8100.0,15:00:00.500,2289.2
2013,12,20,CFFEX,IF,IF1401,2117174,760708.0,95037.0,15:15:00.500,2300.6
2013,12,20,CFFEX,IF,IF1403,1997457,24358.0,17991.0,15:15:00.500,2316.0
2013,12,20,CFFEX,IF,IF1406,1912781,4432.0,7776.0,15:15:00.500,2320.2
2013,12,23,CFFEX,IF,IF1401,2126501,673567.0,94779.0,15:15:00.500,2306.0
2013,12,23,CFFEX,IF,IF1402,1904636,3519.0,392.0,15:15:00.500,2313.8
2013,12,23,CFFEX,IF,IF1403,1997858,17099.0,18275.0,15:15:00.500,2323.6
2013,12,23,CFFEX,IF,IF1406,1925790,2445.0,7922.0,15:15:00.500,2328.0
2013,12,24,CFFEX,IF,IF1401,2133305,765118.0,95071.0,15:15:00.500,2305.4
2013,12,24,CFFEX,IF,IF1402,1907188,4743.0,698.0,15:15:00.500,2312.2
2013,12,24,CFFEX,IF,IF1403,1990830,18129.0,18203.0,15:15:00.500,2322.2
2013,12,24,CFFEX,IF,IF1406,1899737,2819.0,8001.0,15:15:00.500,2327.0
2013,12,25,CFFEX,IF,IF1401,2131786,722850.0,95373.0,15:15:00.500,2319.0
2013,12,25,CFFEX,IF,IF1402,1907609,3968.0,881.0,15:15:00.500,2327.0
2013,12,25,CFFEX,IF,IF1403,1994778,17181.0,18066.0,15:15:00.500,2336.8
2013,12,25,CFFEX,IF,IF1406,1890890,2496.0,7985.0,15:15:00.500,2342.4
2013,12,26,CFFEX,IF,IF1401,2127628,679652.0,100211.0,15:15:00.500,2294.0
2013,12,26,CFFEX,IF,IF1402,1926590,3961.0,1211.0,15:15:00.500,2302.4
2013,12,26,CFFEX,IF,IF1403,1990998,16377.0,18737.0,15:15:00.500,2310.6
2013,12,26,CFFEX,IF,IF1406,1895875,2818.0,8238.0,15:15:00.500,2317.0
2013,12,27,CFFEX,IF,IF1401,2136533,880934.0,97504.0,15:15:00.500,2326.8
2013,12,27,CFFEX,IF,IF1402,1938259,6297.0,1235.0,15:15:00.500,2335.4
2013,12,27,CFFEX,IF,IF1403,2000570,25602.0,18257.0,15:15:00.500,2343.8
2013,12,27,CFFEX,IF,IF1406,1918914,3527.0,8150.0,15:15:00.500,2349.6
2013,12,30,CFFEX,IF,IF1401,2127492,566897.0,98112.0,15:15:00.500,2324.2
2013,12,30,CFFEX,IF,IF1402,1941480,4493.0,1496.0,15:15:00.500,2332.8
2013,12,30,CFFEX,IF,IF1403,1996523,16747.0,18649.0,15:15:00.500,2342.6
2013,12,30,CFFEX,IF,IF1406,1912614,2416.0,8383.0,15:15:00.500,2349.6
2013,12,31,CFFEX,IF,IF1401,2133301,815761.0,91351.0,15:15:00.500,2345.0
2013,12,31,CFFEX,IF,IF1402,1943358,7257.0,1740.0,15:15:00.500,2351.6
2013,12,31,CFFEX,IF,IF1403,2000998,24482.0,18142.0,15:15:00.500,2362.0
2013,12,31,CFFEX,IF,IF1406,1919468,3124.0,8301.0,15:15:00.500,2368.8
2013,12,02,CFFEX,TF,TF1312,296864,296.0,903.0,15:15:00.500,91.282
2013,12,02,CFFEX,TF,TF1403,421618,2156.0,2186.0,15:15:00.500,92.072
2013,12,02,CFFEX,TF,TF1406,87116,67.0,189.0,15:15:00.500,92.52
2013,12,03,CFFEX,TF,TF1312,388437,406.0,737.0,15:15:00.500,91.722
2013,12,03,CFFEX,TF,TF1403,571890,3309.0,2221.0,15:15:00.500,92.286
2013,12,03,CFFEX,TF,TF1406,91928,56.0,201.0,15:15:00.500,92.74
2013,12,04,CFFEX,TF,TF1312,448463,311.0,647.0,15:15:00.500,91.622
2013,12,04,CFFEX,TF,TF1403,646708,3297.0,2275.0,15:15:00.500,92.1
2013,12,04,CFFEX,TF,TF1406,185408,59.0,196.0,15:15:00.500,92.606
2013,12,05,CFFEX,TF,TF1312,369576,167.0,580.0,15:15:00.500,91.368
2013,12,05,CFFEX,TF,TF1403,587918,3606.0,2521.0,15:15:00.500,91.824
2013,12,05,CFFEX,TF,TF1406,135151,50.0,204.0,15:15:00.500,92.31
2013,12,06,CFFEX,TF,TF1312,265910,215.0,497.0,15:15:00.500,91.4
2013,12,06,CFFEX,TF,TF1403,419059,1851.0,2394.0,15:15:00.500,91.918
2013,12,06,CFFEX,TF,TF1406,98246,44.0,212.0,15:15:00.500,92.37
2013,12,09,CFFEX,TF,TF1312,218252,78.0,461.0,15:15:00.500,91.378
2013,12,09,CFFEX,TF,TF1403,376356,1850.0,2552.0,15:15:00.500,91.688
2013,12,09,CFFEX,TF,TF1406,85383,78.0,215.0,15:15:00.500,92.13
2013,12,10,CFFEX,TF,TF1312,281382,59.0,437.0,15:15:00.500,90.996
2013,12,10,CFFEX,TF,TF1403,432360,3041.0,3000.0,15:15:00.500,91.308
2013,12,10,CFFEX,TF,TF1406,188173,53.0,235.0,15:15:00.500,91.856
2013,12,11,CFFEX,TF,TF1312,101518,88.0,401.0,15:15:00.500,90.8
2013,12,11,CFFEX,TF,TF1403,547427,3850.0,2970.0,15:15:00.500,91.46
2013,12,11,CFFEX,TF,TF1406,215560,107.0,241.0,15:15:00.500,91.932
2013,12,12,CFFEX,TF,TF1312,35909,23.0,400.0,15:15:00.500,90.9
2013,12,12,CFFEX,TF,TF1403,619716,4140.0,2781.0,15:15:00.500,91.782
2013,12,12,CFFEX,TF,TF1406,218546,108.0,244.0,15:15:00.500,92.188
2013,12,13,CFFEX,TF,TF1312,13997,9.0,401.0,11:30:00.500,90.31
2013,12,13,CFFEX,TF,TF1403,513795,3247.0,2682.0,15:15:00.500,91.914
2013,12,13,CFFEX,TF,TF1406,349770,85.0,258.0,15:15:00.500,92.288
2013,12,16,CFFEX,TF,TF1403,398897,1888.0,2659.0,15:15:00.500,91.452
2013,12,16,CFFEX,TF,TF1406,277242,77.0,240.0,15:15:00.500,91.962
2013,12,16,CFFEX,TF,TF1409,10519,0.0,0.0,15:15:00.500,92.254
2013,12,17,CFFEX,TF,TF1403,471321,2268.0,2735.0,15:15:00.500,91.59
2013,12,17,CFFEX,TF,TF1406,303822,65.0,243.0,15:15:00.500,92.0
2013,12,17,CFFEX,TF,TF1409,42563,17.0,16.0,15:15:00.500,92.448
2013,12,18,CFFEX,TF,TF1403,493992,2586.0,2827.0,15:15:00.500,91.436
2013,12,18,CFFEX,TF,TF1406,299076,59.0,251.0,15:15:00.500,91.91
2013,12,18,CFFEX,TF,TF1409,174864,35.0,14.0,15:15:00.500,92.24
2013,12,19,CFFEX,TF,TF1403,473781,2991.0,2906.0,15:15:00.500,91.374
2013,12,19,CFFEX,TF,TF1406,267295,109.0,271.0,15:15:00.500,91.868
2013,12,19,CFFEX,TF,TF1409,138275,25.0,21.0,15:15:00.500,92.086
2013,12,20,CFFEX,TF,TF1403,395115,1946.0,2885.0,15:15:00.500,91.386
2013,12,20,CFFEX,TF,TF1406,226161,53.0,278.0,15:15:00.500,91.906
2013,12,20,CFFEX,TF,TF1409,110862,3.0,22.0,15:15:00.500,92.11
2013,12,23,CFFEX,TF,TF1403,547393,3675.0,3006.0,15:15:00.500,91.702
2013,12,23,CFFEX,TF,TF1406,377737,77.0,274.0,15:15:00.500,92.22
2013,12,23,CFFEX,TF,TF1409,162023,3.0,22.0,15:15:00.500,92.506
2013,12,24,CFFEX,TF,TF1403,607731,3551.0,2896.0,15:15:00.500,91.65
2013,12,24,CFFEX,TF,TF1406,420067,84.0,275.0,15:15:00.500,92.152
2013,12,24,CFFEX,TF,TF1409,181659,3.0,23.0,15:15:00.500,92.554
2013,12,25,CFFEX,TF,TF1403,478912,2038.0,2872.0,15:15:00.500,91.792
2013,12,25,CFFEX,TF,TF1406,283908,45.0,279.0,15:15:00.500,92.238
2013,12,25,CFFEX,TF,TF1409,99336,0.0,23.0,15:15:00.500,92.554
2013,12,26,CFFEX,TF,TF1403,376358,1701.0,2832.0,15:15:00.500,91.67
2013,12,26,CFFEX,TF,TF1406,264833,35.0,284.0,15:15:00.500,92.19
2013,12,26,CFFEX,TF,TF1409,152294,1.0,23.0,15:15:00.500,92.546
2013,12,27,CFFEX,TF,TF1403,378393,1881.0,2809.0,15:15:00.500,91.56
2013,12,27,CFFEX,TF,TF1406,245125,53.0,288.0,15:15:00.500,92.052
2013,12,27,CFFEX,TF,TF1409,143971,1.0,23.0,15:15:00.500,92.454
2013,12,30,CFFEX,TF,TF1403,353834,1937.0,2851.0,15:15:00.500,91.798
2013,12,30,CFFEX,TF,TF1406,223543,68.0,286.0,15:15:00.500,92.28
2013,12,30,CFFEX,TF,TF1409,104715,5.0,27.0,15:15:00.500,92.55
2013,12,31,CFFEX,TF,TF1403,480786,2990.0,3318.0,15:15:00.500,91.802
2013,12,31,CFFEX,TF,TF1406,316457,84.0,285.0,15:15:00.500,92.32
2013,12,31,CFFEX,TF,TF1409,151489,5.0,29.0,15:15:00.500,92.5
2014,01,02,CFFEX,IF,IF1401,2123257,521979.0,95809.0,15:15:00.500,2331.8
2014,01,02,CFFEX,IF,IF1402,1944259,5423.0,2686.0,15:15:00.500,2338.2
2014,01,02,CFFEX,IF,IF1403,1992632,12989.0,18969.0,15:15:00.500,2349.0
2014,01,02,CFFEX,IF,IF1406,1895735,2137.0,8624.0,15:15:00.500,2355.6
2014,01,03,CFFEX,IF,IF1401,2127375,598927.0,96696.0,15:15:00.500,2302.4
2014,01,03,CFFEX,IF,IF1402,1942504,7221.0,3945.0,15:15:00.500,2308.6
2014,01,03,CFFEX,IF,IF1403,1996546,16509.0,19446.0,15:15:00.500,2318.6
2014,01,03,CFFEX,IF,IF1406,1896030,2466.0,8670.0,15:15:00.500,2322.0
2014,01,06,CFFEX,IF,IF1401,2127523,640223.0,91376.0,15:15:00.500,2240.8
2014,01,06,CFFEX,IF,IF1402,1949280,10808.0,4991.0,15:15:00.500,2243.8
2014,01,06,CFFEX,IF,IF1403,2002808,21229.0,20645.0,15:15:00.500,2254.0
2014,01,06,CFFEX,IF,IF1406,1903492,4011.0,8757.0,15:15:00.500,2256.0
2014,01,07,CFFEX,IF,IF1401,2105406,626018.0,85620.0,15:15:00.500,2238.4
2014,01,07,CFFEX,IF,IF1402,1948159,10598.0,6076.0,15:15:00.500,2240.2
2014,01,07,CFFEX,IF,IF1403,2002552,20711.0,20793.0,15:15:00.500,2250.6
2014,01,07,CFFEX,IF,IF1406,1927273,2633.0,8819.0,15:15:00.500,2253.4
2014,01,08,CFFEX,IF,IF1401,2103635,724309.0,85765.0,15:15:00.500,2241.2
2014,01,08,CFFEX,IF,IF1402,1952459,11503.0,7357.0,15:15:00.500,2242.0
2014,01,08,CFFEX,IF,IF1403,2002322,23245.0,20755.0,15:15:00.500,2248.2
2014,01,08,CFFEX,IF,IF1406,1926232,3593.0,9209.0,15:15:00.500,2254.4
2014,01,09,CFFEX,IF,IF1401,2105556,715698.0,87542.0,15:15:00.500,2223.6
2014,01,09,CFFEX,IF,IF1402,1959149,14241.0,8371.0,15:15:00.500,2227.2
2014,01,09,CFFEX,IF,IF1403,2002405,25508.0,22226.0,15:15:00.500,2232.0
2014,01,09,CFFEX,IF,IF1406,1915022,3766.0,9548.0,15:15:00.500,2239.6
2014,01,10,CFFEX,IF,IF1401,2107111,686705.0,83558.0,15:15:00.500,2218.0
2014,01,10,CFFEX,IF,IF1402,1960727,15169.0,9526.0,15:15:00.500,2222.2
2014,01,10,CFFEX,IF,IF1403,2003511,23624.0,23072.0,15:15:00.500,2229.6
2014,01,10,CFFEX,IF,IF1406,1921227,3383.0,9623.0,15:15:00.500,2234.2
2014,01,13,CFFEX,IF,IF1401,2103734,623400.0,80680.0,15:15:00.500,2204.4
2014,01,13,CFFEX,IF,IF1402,1997752,25863.0,13331.0,15:15:00.500,2210.2
2014,01,13,CFFEX,IF,IF1403,2004037,25716.0,24909.0,15:15:00.500,2216.2
2014,01,13,CFFEX,IF,IF1406,1902152,3396.0,9748.0,15:15:00.500,2221.8
2014,01,14,CFFEX,IF,IF1401,2099160,666190.0,70037.0,15:15:00.500,2217.6
2014,01,14,CFFEX,IF,IF1402,2011518,47420.0,17567.0,15:15:00.500,2224.0
2014,01,14,CFFEX,IF,IF1403,2002073,26275.0,26287.0,15:15:00.500,2231.6
2014,01,14,CFFEX,IF,IF1406,1897502,3032.0,9891.0,15:15:00.500,2237.6
2014,01,15,CFFEX,IF,IF1401,2095424,515463.0,57917.0,15:15:00.500,2211.6
2014,01,15,CFFEX,IF,IF1402,2025824,75148.0,26736.0,15:15:00.500,2218.2
2014,01,15,CFFEX,IF,IF1403,2001625,22695.0,27169.0,15:15:00.500,2224.0
2014,01,15,CFFEX,IF,IF1406,1924861,2296.0,10094.0,15:15:00.500,2230.4
2014,01,16,CFFEX,IF,IF1401,2091646,497659.0,27787.0,15:15:00.500,2211.2
2014,01,16,CFFEX,IF,IF1402,2068530,255825.0,49649.0,15:15:00.500,2219.4
2014,01,16,CFFEX,IF,IF1403,2008938,36780.0,30084.0,15:15:00.500,2229.0
2014,01,16,CFFEX,IF,IF1406,1942480,3239.0,10372.0,15:15:00.500,2235.0
2014,01,17,CFFEX,IF,IF1401,1922424,112982.0,6652.0,15:00:00.500,2182.8
2014,01,17,CFFEX,IF,IF1402,2096821,633560.0,68203.0,15:15:00.500,2199.2
2014,01,17,CFFEX,IF,IF1403,2011398,41234.0,33145.0,15:15:00.500,2208.0
2014,01,17,CFFEX,IF,IF1406,1967650,4103.0,10964.0,15:15:00.500,2217.6
2014,01,20,CFFEX,IF,IF1402,2096574,570355.0,73155.0,15:15:00.500,2184.6
2014,01,20,CFFEX,IF,IF1403,2008111,31739.0,34223.0,15:15:00.500,2192.0
2014,01,20,CFFEX,IF,IF1406,1937612,4203.0,11195.0,15:15:00.500,2203.4
2014,01,20,CFFEX,IF,IF1409,1423785,1001.0,354.0,15:15:00.500,2205.2
2014,01,21,CFFEX,IF,IF1402,2102428,648824.0,71828.0,15:15:00.500,2206.4
2014,01,21,CFFEX,IF,IF1403,2010671,33403.0,33400.0,15:15:00.500,2214.0
2014,01,21,CFFEX,IF,IF1406,1968522,4291.0,11241.0,15:15:00.500,2223.8
2014,01,21,CFFEX,IF,IF1409,1505144,792.0,604.0,15:15:00.500,2225.8
2014,01,22,CFFEX,IF,IF1402,2104712,734205.0,75374.0,15:15:00.500,2254.6
2014,01,22,CFFEX,IF,IF1403,2012514,45950.0,32723.0,15:15:00.500,2261.6
2014,01,22,CFFEX,IF,IF1406,1966411,6329.0,11106.0,15:15:00.500,2270.6
2014,01,22,CFFEX,IF,IF1409,1522371,898.0,728.0,15:15:00.500,2274.0
2014,01,23,CFFEX,IF,IF1402,2102162,520148.0,72540.0,15:15:00.500,2244.2
2014,01,23,CFFEX,IF,IF1403,2011557,28870.0,32440.0,15:15:00.500,2250.8
2014,01,23,CFFEX,IF,IF1406,1953358,3359.0,11260.0,15:15:00.500,2259.0
2014,01,23,CFFEX,IF,IF1409,1389098,453.0,808.0,15:15:00.500,2262.8
2014,01,24,CFFEX,IF,IF1402,2104123,707263.0,71019.0,15:15:00.500,2251.8
2014,01,24,CFFEX,IF,IF1403,2011846,40427.0,31452.0,15:15:00.500,2260.0
2014,01,24,CFFEX,IF,IF1406,1959229,5367.0,11238.0,15:15:00.500,2268.2
2014,01,24,CFFEX,IF,IF1409,1614337,819.0,941.0,15:15:00.500,2270.4
2014,01,27,CFFEX,IF,IF1402,2099070,528237.0,71469.0,15:15:00.500,2227.0
2014,01,27,CFFEX,IF,IF1403,2012244,33235.0,33288.0,15:15:00.500,2234.2
2014,01,27,CFFEX,IF,IF1406,1944662,4088.0,11462.0,15:15:00.500,2245.0
2014,01,27,CFFEX,IF,IF1409,1496269,531.0,965.0,15:15:00.500,2247.4
2014,01,28,CFFEX,IF,IF1402,2101490,569614.0,70184.0,15:15:00.500,2230.8
2014,01,28,CFFEX,IF,IF1403,2013254,34623.0,33839.0,15:15:00.500,2238.6
2014,01,28,CFFEX,IF,IF1406,1950483,4163.0,11649.0,15:15:00.500,2247.6
2014,01,28,CFFEX,IF,IF1409,1445472,498.0,1051.0,15:15:00.500,2249.6
2014,01,29,CFFEX,IF,IF1402,2101579,466626.0,68991.0,15:15:00.500,2240.0
2014,01,29,CFFEX,IF,IF1403,2009921,25355.0,33832.0,15:15:00.500,2247.8
2014,01,29,CFFEX,IF,IF1406,1968721,3372.0,11829.0,15:15:00.500,2259.0
2014,01,29,CFFEX,IF,IF1409,1384366,456.0,1155.0,15:15:00.500,2257.4
2014,01,30,CFFEX,IF,IF1402,2093209,429342.0,68764.0,15:15:00.500,2199.2
2014,01,30,CFFEX,IF,IF1403,2007067,28753.0,33886.0,15:15:00.500,2205.0
2014,01,30,CFFEX,IF,IF1406,1960662,3466.0,11903.0,15:15:00.500,2213.4
2014,01,30,CFFEX,IF,IF1409,1484373,878.0,1327.0,15:15:00.500,2216.4
2014,01,02,CFFEX,TF,TF1403,394447,2350.0,3621.0,15:15:00.500,91.35
2014,01,02,CFFEX,TF,TF1406,245573,104.0,319.0,15:15:00.500,91.906
2014,01,02,CFFEX,TF,TF1409,134170,12.0,30.0,15:15:00.500,92.222
2014,01,03,CFFEX,TF,TF1403,503722,3186.0,3704.0,15:15:00.500,91.306
2014,01,03,CFFEX,TF,TF1406,302624,88.0,331.0,15:15:00.500,91.866
2014,01,03,CFFEX,TF,TF1409,151971,2.0,31.0,15:15:00.500,92.206
2014,01,06,CFFEX,TF,TF1403,371313,2263.0,3653.0,15:15:00.500,91.22
2014,01,06,CFFEX,TF,TF1406,230794,80.0,328.0,15:15:00.500,91.804
2014,01,06,CFFEX,TF,TF1409,138183,9.0,37.0,15:15:00.500,92.194
2014,01,07,CFFEX,TF,TF1403,462376,2733.0,3719.0,15:15:00.500,91.44
2014,01,07,CFFEX,TF,TF1406,274653,94.0,342.0,15:15:00.500,91.994
2014,01,07,CFFEX,TF,TF1409,109589,4.0,36.0,15:15:00.500,92.3
2014,01,08,CFFEX,TF,TF1403,514432,2670.0,3613.0,15:15:00.500,91.696
2014,01,08,CFFEX,TF,TF1406,299215,111.0,333.0,15:15:00.500,92.202
2014,01,08,CFFEX,TF,TF1409,116152,9.0,39.0,15:15:00.500,92.496
2014,01,09,CFFEX,TF,TF1403,511195,2759.0,3645.0,15:15:00.500,91.502
2014,01,09,CFFEX,TF,TF1406,298449,198.0,378.0,15:15:00.500,92.082
2014,01,09,CFFEX,TF,TF1409,66972,20.0,48.0,15:15:00.500,92.406
2014,01,10,CFFEX,TF,TF1403,490073,2725.0,3652.0,15:15:00.500,91.542
2014,01,10,CFFEX,TF,TF1406,275179,200.0,401.0,15:15:00.500,92.06
2014,01,10,CFFEX,TF,TF1409,165884,24.0,59.0,15:15:00.500,92.406
2014,01,13,CFFEX,TF,TF1403,380658,1421.0,3648.0,15:15:00.500,91.466
2014,01,13,CFFEX,TF,TF1406,194632,43.0,406.0,15:15:00.500,92.058
2014,01,13,CFFEX,TF,TF1409,138951,0.0,59.0,15:15:00.500,92.406
2014,01,14,CFFEX,TF,TF1403,354104,1388.0,3659.0,15:15:00.500,91.482
2014,01,14,CFFEX,TF,TF1406,183252,70.0,408.0,15:15:00.500,92.074
2014,01,14,CFFEX,TF,TF1409,173104,0.0,59.0,15:15:00.500,92.406
2014,01,15,CFFEX,TF,TF1403,593949,3614.0,3662.0,15:15:00.500,91.816
2014,01,15,CFFEX,TF,TF1406,308356,151.0,400.0,15:15:00.500,92.382
2014,01,15,CFFEX,TF,TF1409,162969,26.0,71.0,15:15:00.500,92.56
2014,01,16,CFFEX,TF,TF1403,348891,1758.0,3668.0,15:15:00.500,91.64
2014,01,16,CFFEX,TF,TF1406,181041,57.0,411.0,15:15:00.500,92.238
2014,01,16,CFFEX,TF,TF1409,37165,5.0,71.0,15:15:00.500,92.506
2014,01,17,CFFEX,TF,TF1403,295789,1525.0,3662.0,15:15:00.500,91.63
2014,01,17,CFFEX,TF,TF1406,161047,106.0,443.0,15:15:00.500,92.16
2014,01,17,CFFEX,TF,TF1409,17628,2.0,72.0,15:15:00.500,92.456
2014,01,20,CFFEX,TF,TF1403,331533,1487.0,3716.0,15:15:00.500,91.782
2014,01,20,CFFEX,TF,TF1406,190088,72.0,449.0,15:15:00.500,92.32
2014,01,20,CFFEX,TF,TF1409,68683,8.0,74.0,15:15:00.500,92.54
2014,01,21,CFFEX,TF,TF1403,454366,3202.0,3658.0,15:15:00.500,92.09
2014,01,21,CFFEX,TF,TF1406,275521,219.0,420.0,15:15:00.500,92.562
2014,01,21,CFFEX,TF,TF1409,100249,40.0,84.0,15:15:00.500,92.746
2014,01,22,CFFEX,TF,TF1403,439475,2290.0,3710.0,15:15:00.500,92.222
2014,01,22,CFFEX,TF,TF1406,267508,127.0,443.0,15:15:00.500,92.694
2014,01,22,CFFEX,TF,TF1409,58805,17.0,89.0,15:15:00.500,92.802
2014,01,23,CFFEX,TF,TF1403,347776,1854.0,3615.0,15:15:00.500,92.076
2014,01,23,CFFEX,TF,TF1406,170434,97.0,454.0,15:15:00.500,92.59
2014,01,23,CFFEX,TF,TF1409,29710,10.0,88.0,15:15:00.500,92.756
2014,01,24,CFFEX,TF,TF1403,269116,1384.0,3804.0,15:15:00.500,92.198
2014,01,24,CFFEX,TF,TF1406,145588,58.0,450.0,15:15:00.500,92.67
2014,01,24,CFFEX,TF,TF1409,47365,4.0,90.0,15:15:00.500,92.796
2014,01,27,CFFEX,TF,TF1403,415705,2890.0,4094.0,15:15:00.500,92.512
2014,01,27,CFFEX,TF,TF1406,207451,145.0,486.0,15:15:00.500,92.9
2014,01,27,CFFEX,TF,TF1409,67315,8.0,94.0,15:15:00.500,92.996
2014,01,28,CFFEX,TF,TF1403,347568,1905.0,4043.0,15:15:00.500,92.334
2014,01,28,CFFEX,TF,TF1406,178861,111.0,476.0,15:15:00.500,92.682
2014,01,28,CFFEX,TF,TF1409,161937,1.0,93.0,15:15:00.500,92.956
2014,01,29,CFFEX,TF,TF1403,239384,1258.0,4180.0,15:15:00.500,92.402
2014,01,29,CFFEX,TF,TF1406,141062,87.0,484.0,15:15:00.500,92.806
2014,01,29,CFFEX,TF,TF1409,88004,11.0,100.0,15:15:00.500,93.04
2014,01,30,CFFEX,TF,TF1403,162022,716.0,4088.0,15:15:00.500,92.254
2014,01,30,CFFEX,TF,TF1406,96757,103.0,490.0,15:15:00.500,92.66
2014,01,30,CFFEX,TF,TF1409,45509,4.0,98.0,15:15:00.500,92.856
2014,02,07,CFFEX,IF,IF1402,2093284,458473.0,70208.0,15:15:00.500,2214.6
2014,02,07,CFFEX,IF,IF1403,2012135,33885.0,35281.0,15:15:00.500,2222.6
2014,02,07,CFFEX,IF,IF1406,1958195,4832.0,12156.0,15:15:00.500,2230.6
2014,02,07,CFFEX,IF,IF1409,1482665,892.0,1487.0,15:15:00.500,2233.0
2014,02,10,CFFEX,IF,IF1402,2100051,586644.0,67395.0,15:15:00.500,2260.4
2014,02,10,CFFEX,IF,IF1403,2019993,58793.0,36824.0,15:15:00.500,2266.0
2014,02,10,CFFEX,IF,IF1406,1965815,6554.0,12312.0,15:15:00.500,2273.6
2014,02,10,CFFEX,IF,IF1409,1559423,1047.0,1697.0,15:15:00.500,2275.6
2014,02,11,CFFEX,IF,IF1402,2100299,599468.0,63671.0,15:15:00.500,2277.4
2014,02,11,CFFEX,IF,IF1403,2020939,63310.0,39464.0,15:15:00.500,2281.0
2014,02,11,CFFEX,IF,IF1406,1957290,6501.0,12452.0,15:15:00.500,2284.0
2014,02,11,CFFEX,IF,IF1409,1412315,1222.0,2046.0,15:15:00.500,2285.6
2014,02,12,CFFEX,IF,IF1402,2101453,476456.0,61495.0,15:15:00.500,2284.0
2014,02,12,CFFEX,IF,IF1403,2028730,56684.0,41396.0,15:15:00.500,2287.8
2014,02,12,CFFEX,IF,IF1406,1977462,4756.0,12604.0,15:15:00.500,2290.6
2014,02,12,CFFEX,IF,IF1409,1299228,714.0,2101.0,15:15:00.500,2292.6
2014,02,13,CFFEX,IF,IF1402,2100652,495048.0,59075.0,15:15:00.500,2273.4
2014,02,13,CFFEX,IF,IF1403,2034257,73668.0,44024.0,15:15:00.500,2275.0
2014,02,13,CFFEX,IF,IF1406,1971396,5306.0,12525.0,15:15:00.500,2275.8
2014,02,13,CFFEX,IF,IF1409,1443741,1522.0,2495.0,15:15:00.500,2277.6
2014,02,14,CFFEX,IF,IF1402,2101157,459567.0,55429.0,15:15:00.500,2288.4
2014,02,14,CFFEX,IF,IF1403,2042460,84875.0,46058.0,15:15:00.500,2292.2
2014,02,14,CFFEX,IF,IF1406,1972851,4468.0,12873.0,15:15:00.500,2290.2
2014,02,14,CFFEX,IF,IF1409,1869813,1570.0,3038.0,15:15:00.500,2291.8
2014,02,17,CFFEX,IF,IF1402,2129739,489404.0,44260.0,15:15:00.300,2305.4
2014,02,17,CFFEX,IF,IF1403,2091050,147544.0,56435.0,15:15:00.300,2312.8
2014,02,17,CFFEX,IF,IF1406,1899456,7375.0,13258.0,15:15:00.300,2312.0
2014,02,17,CFFEX,IF,IF1409,1881197,1373.0,3340.0,15:15:00.300,2312.8
2014,02,18,CFFEX,IF,IF1402,2117552,324034.0,33632.0,15:15:00.300,2280.4
2014,02,18,CFFEX,IF,IF1403,2111071,247922.0,68200.0,15:15:00.300,2285.0
2014,02,18,CFFEX,IF,IF1406,1992903,6701.0,13677.0,15:15:00.300,2286.2
2014,02,18,CFFEX,IF,IF1409,1884177,1184.0,3563.0,15:15:00.300,2286.2
2014,02,19,CFFEX,IF,IF1402,2068993,220024.0,19610.0,15:15:00.500,2304.2
2014,02,19,CFFEX,IF,IF1403,2093963,515962.0,81207.0,15:15:00.500,2308.8
2014,02,19,CFFEX,IF,IF1406,1958838,7980.0,14024.0,15:15:00.500,2310.0
2014,02,19,CFFEX,IF,IF1409,1877355,1590.0,3688.0,15:15:00.500,2310.0
2014,02,20,CFFEX,IF,IF1402,2071501,113012.0,10304.0,15:15:00.300,2284.0
2014,02,20,CFFEX,IF,IF1403,2141289,642851.0,92523.0,15:15:00.300,2282.8
2014,02,20,CFFEX,IF,IF1406,2022148,12615.0,14907.0,15:15:00.300,2285.0
2014,02,20,CFFEX,IF,IF1409,1922690,2511.0,3914.0,15:15:00.300,2286.4
2014,02,21,CFFEX,IF,IF1402,1742925,41409.0,1192.0,15:00:00.200,2261.2
2014,02,21,CFFEX,IF,IF1403,2161403,556410.0,95890.0,15:15:00.200,2266.2
2014,02,21,CFFEX,IF,IF1406,2013734,10347.0,15124.0,15:15:00.200,2268.6
2014,02,21,CFFEX,IF,IF1409,1927800,1759.0,4308.0,15:15:00.200,2269.2
2014,02,24,CFFEX,IF,IF1403,2165362,642284.0,95287.0,15:15:00.300,2206.2
2014,02,24,CFFEX,IF,IF1404,1944091,4367.0,757.0,15:15:00.300,2208.6
2014,02,24,CFFEX,IF,IF1406,2028412,14919.0,15433.0,15:15:00.300,2206.4
2014,02,24,CFFEX,IF,IF1409,1800714,2105.0,4541.0,15:15:00.300,2208.0
2014,02,25,CFFEX,IF,IF1403,2164613,697334.0,101326.0,15:15:00.100,2145.6
2014,02,25,CFFEX,IF,IF1404,1946595,5695.0,1231.0,15:15:00.100,2146.4
2014,02,25,CFFEX,IF,IF1406,2019727,17927.0,16101.0,15:15:00.100,2147.0
2014,02,25,CFFEX,IF,IF1409,1696321,2245.0,4921.0,15:15:00.100,2145.2
2014,02,26,CFFEX,IF,IF1403,2167797,676056.0,98347.0,15:15:00.300,2149.0
2014,02,26,CFFEX,IF,IF1404,1974380,4918.0,1685.0,15:15:00.300,2148.8
2014,02,26,CFFEX,IF,IF1406,2030670,18719.0,17035.0,15:15:00.300,2149.6
2014,02,26,CFFEX,IF,IF1409,1802630,2015.0,5109.0,15:15:00.300,2150.0
2014,02,27,CFFEX,IF,IF1403,2168907,775386.0,97252.0,15:15:00.400,2148.2
2014,02,27,CFFEX,IF,IF1404,1975651,5894.0,2109.0,15:15:00.400,2147.6
2014,02,27,CFFEX,IF,IF1406,2024449,16309.0,17506.0,15:15:00.400,2147.4
2014,02,27,CFFEX,IF,IF1409,1820836,2441.0,5451.0,15:15:00.400,2146.2
2014,02,28,CFFEX,IF,IF1403,2168586,840128.0,94549.0,15:14:36.100,2173.6
2014,02,28,CFFEX,IF,IF1404,1972475,6570.0,2615.0,15:14:35.600,2174.0
2014,02,28,CFFEX,IF,IF1406,2023952,19411.0,17627.0,15:14:35.600,2169.0
2014,02,28,CFFEX,IF,IF1409,1838907,2264.0,5566.0,15:14:36.100,2169.0
2014,02,07,CFFEX,TF,TF1403,253188,1126.0,4194.0,15:15:00.500,92.514
2014,02,07,CFFEX,TF,TF1406,129049,123.0,538.0,15:15:00.500,92.826
2014,02,07,CFFEX,TF,TF1409,71471,4.0,101.0,15:15:00.500,93.046
2014,02,10,CFFEX,TF,TF1403,272440,1665.0,4207.0,15:15:00.500,92.33
2014,02,10,CFFEX,TF,TF1406,152289,103.0,548.0,15:15:00.500,92.734
2014,02,10,CFFEX,TF,TF1409,57447,11.0,102.0,15:15:00.500,93.0
2014,02,11,CFFEX,TF,TF1403,383956,2336.0,3880.0,15:15:00.500,92.526
2014,02,11,CFFEX,TF,TF1406,238161,559.0,892.0,15:15:00.500,92.978
2014,02,11,CFFEX,TF,TF1409,75707,11.0,107.0,15:15:00.500,93.146
2014,02,12,CFFEX,TF,TF1403,315132,1716.0,3658.0,15:15:00.500,92.448
2014,02,12,CFFEX,TF,TF1406,202056,366.0,1059.0,15:15:00.500,92.86
2014,02,12,CFFEX,TF,TF1409,47518,16.0,112.0,15:15:00.500,93.146
2014,02,13,CFFEX,TF,TF1403,230943,1271.0,3610.0,15:15:00.500,92.584
2014,02,13,CFFEX,TF,TF1406,137339,199.0,1138.0,15:15:00.500,92.976
2014,02,13,CFFEX,TF,TF1409,32605,2.0,113.0,15:15:00.500,93.196
2014,02,14,CFFEX,TF,TF1403,287538,1428.0,3427.0,15:15:00.500,92.536
2014,02,14,CFFEX,TF,TF1406,173714,234.0,1175.0,15:15:00.500,92.98
2014,02,14,CFFEX,TF,TF1409,50480,10.0,116.0,15:15:00.500,93.206
2014,02,17,CFFEX,TF,TF1403,292684,1527.0,3218.0,15:15:00.300,92.264
2014,02,17,CFFEX,TF,TF1406,203956,503.0,1273.0,15:15:00.300,92.794
2014,02,17,CFFEX,TF,TF1409,66942,7.0,115.0,15:15:00.300,93.046
2014,02,18,CFFEX,TF,TF1403,400116,2375.0,2642.0,15:15:00.300,91.918
2014,02,18,CFFEX,TF,TF1406,287065,665.0,1445.0,15:15:00.300,92.5
2014,02,18,CFFEX,TF,TF1409,105179,16.0,122.0,15:15:00.300,92.806
2014,02,19,CFFEX,TF,TF1403,343856,2105.0,2332.0,15:15:00.500,91.832
2014,02,19,CFFEX,TF,TF1406,260101,860.0,1886.0,15:15:00.500,92.406
2014,02,19,CFFEX,TF,TF1409,114565,34.0,130.0,15:15:00.500,92.706
2014,02,20,CFFEX,TF,TF1403,283502,1623.0,1888.0,15:15:00.300,91.892
2014,02,20,CFFEX,TF,TF1406,249968,805.0,2157.0,15:15:00.300,92.51
2014,02,20,CFFEX,TF,TF1409,54500,26.0,135.0,15:15:00.300,92.818
2014,02,21,CFFEX,TF,TF1403,159939,854.0,1404.0,15:15:00.200,91.95
2014,02,21,CFFEX,TF,TF1406,140256,835.0,2599.0,15:15:00.200,92.492
2014,02,21,CFFEX,TF,TF1409,45438,26.0,137.0,15:15:00.200,92.838
2014,02,24,CFFEX,TF,TF1403,196992,538.0,1205.0,15:15:00.300,92.08
2014,02,24,CFFEX,TF,TF1406,227633,1241.0,3042.0,15:15:00.300,92.692
2014,02,24,CFFEX,TF,TF1409,63219,45.0,154.0,15:15:00.300,93.022
2014,02,25,CFFEX,TF,TF1403,290497,546.0,983.0,15:15:00.100,92.45
2014,02,25,CFFEX,TF,TF1406,386118,2054.0,3445.0,15:15:00.100,93.08
2014,02,25,CFFEX,TF,TF1409,203860,78.0,180.0,15:15:00.100,93.416
2014,02,26,CFFEX,TF,TF1403,177403,372.0,782.0,15:15:00.300,92.266
2014,02,26,CFFEX,TF,TF1406,255623,1690.0,3590.0,15:15:00.300,92.886
