YYYY,MM,DD,EXCH,COMMODITY,TICKER,FILESIZE,VOLUME,OPENINT,TIMESTAMP,LASTPRICE
2013,01,04,SHFE,AG,AG1301,195010,6004.0,27524.0,15:00:00.500,5977.0
2013,01,04,SHFE,AG,AG1302,331564,1196.0,4828.0,15:00:00.500,6030.0
2013,01,04,SHFE,AG,AG1303,190523,444.0,3642.0,15:00:00.500,6086.0
2013,01,04,SHFE,AG,AG1304,185312,22.0,336.0,15:00:00.500,6137.0
2013,01,04,SHFE,AG,AG1305,264985,1002.0,2178.0,15:00:00.500,6182.0
2013,01,04,SHFE,AG,AG1306,1511416,258306.0,214758.0,15:00:00.500,6226.0
2013,01,04,SHFE,AG,AG1307,201790,150.0,114.0,15:00:00.500,6280.0
2013,01,04,SHFE,AG,AG1308,180920,26.0,130.0,15:00:00.500,6303.0
2013,01,04,SHFE,AG,AG1309,120069,126.0,702.0,15:00:00.500,6338.0
2013,01,04,SHFE,AG,AG1310,211369,4.0,72.0,15:00:00.500,6401.0
2013,01,04,SHFE,AG,AG1311,283294,8.0,72.0,14:59:55.0,6400.0
2013,01,04,SHFE,AG,AG1312,179687,116.0,834.0,15:00:00.500,6430.0
2013,01,07,SHFE,AG,AG1301,253611,5784.0,25340.0,15:00:00.500,6132.0
2013,01,07,SHFE,AG,AG1302,388365,1662.0,5160.0,15:00:00.500,6190.0
2013,01,07,SHFE,AG,AG1303,222243,344.0,3678.0,15:00:00.500,6240.0
2013,01,07,SHFE,AG,AG1304,243671,276.0,426.0,15:00:00.500,6303.0
2013,01,07,SHFE,AG,AG1305,346044,1808.0,2058.0,15:00:00.500,6338.0
2013,01,07,SHFE,AG,AG1306,1568163,288146.0,206106.0,15:00:00.500,6392.0
2013,01,07,SHFE,AG,AG1307,262285,52.0,124.0,15:00:00.500,6435.0
2013,01,07,SHFE,AG,AG1308,249372,10.0,128.0,15:00:00.500,6488.0
2013,01,07,SHFE,AG,AG1309,154813,92.0,674.0,15:00:00.500,6485.0
2013,01,07,SHFE,AG,AG1310,222984,22.0,80.0,15:00:00.500,6523.0
2013,01,07,SHFE,AG,AG1311,231128,2.0,74.0,15:00:00.500,6548.0
2013,01,07,SHFE,AG,AG1312,217329,132.0,892.0,15:00:00.500,6593.0
2013,01,08,SHFE,AG,AG1301,215699,4496.0,23440.0,15:00:00.500,6126.0
2013,01,08,SHFE,AG,AG1302,366441,1194.0,5416.0,15:00:00.500,6166.0
2013,01,08,SHFE,AG,AG1303,225276,128.0,3730.0,15:00:00.500,6212.0
2013,01,08,SHFE,AG,AG1304,209832,132.0,392.0,15:00:00.500,6294.0
2013,01,08,SHFE,AG,AG1305,301315,954.0,2082.0,15:00:00.500,6318.0
2013,01,08,SHFE,AG,AG1306,1470503,195804.0,207996.0,15:00:00.500,6371.0
2013,01,08,SHFE,AG,AG1307,175400,136.0,158.0,15:00:00.500,6410.0
2013,01,08,SHFE,AG,AG1308,202494,4.0,132.0,15:00:00.500,6460.0
2013,01,08,SHFE,AG,AG1309,138650,52.0,680.0,15:00:00.500,6469.0
2013,01,08,SHFE,AG,AG1310,171175,0.0,80.0,15:00:00.500,6523.0
2013,01,08,SHFE,AG,AG1311,204970,0.0,74.0,14:59:55.0,6548.0
2013,01,08,SHFE,AG,AG1312,163246,78.0,930.0,15:00:00.500,6560.0
2013,01,09,SHFE,AG,AG1301,143558,6024.0,21800.0,15:00:00.500,6178.0
2013,01,09,SHFE,AG,AG1302,236895,1944.0,6006.0,15:00:00.500,6221.0
2013,01,09,SHFE,AG,AG1303,169703,114.0,3718.0,15:00:00.500,6272.0
2013,01,09,SHFE,AG,AG1304,115911,40.0,376.0,15:00:00.500,6324.0
2013,01,09,SHFE,AG,AG1305,216677,546.0,1924.0,15:00:00.500,6374.0
2013,01,09,SHFE,AG,AG1306,1391804,174856.0,204540.0,15:00:00.500,6429.0
2013,01,09,SHFE,AG,AG1307,150119,26.0,168.0,15:00:00.500,6461.0
2013,01,09,SHFE,AG,AG1308,154139,0.0,132.0,15:00:00.500,6460.0
2013,01,09,SHFE,AG,AG1309,79641,84.0,716.0,15:00:00.500,6530.0
2013,01,09,SHFE,AG,AG1310,106765,4.0,80.0,15:00:00.500,6551.0
2013,01,09,SHFE,AG,AG1311,147401,0.0,74.0,15:00:00.500,6533.0
2013,01,09,SHFE,AG,AG1312,136081,104.0,964.0,15:00:00.500,6625.0
2013,01,10,SHFE,AG,AG1301,119531,3448.0,20564.0,15:00:00.500,6171.0
2013,01,10,SHFE,AG,AG1302,249619,970.0,6088.0,15:00:00.500,6227.0
2013,01,10,SHFE,AG,AG1303,169609,470.0,3990.0,15:00:00.500,6273.0
2013,01,10,SHFE,AG,AG1304,165998,0.0,376.0,15:00:00.500,6324.0
2013,01,10,SHFE,AG,AG1305,209224,414.0,1978.0,15:00:00.500,6380.0
2013,01,10,SHFE,AG,AG1306,1315994,142480.0,206606.0,15:00:00.500,6425.0
2013,01,10,SHFE,AG,AG1307,148243,4.0,168.0,15:00:00.500,6437.0
2013,01,10,SHFE,AG,AG1308,170460,0.0,132.0,15:00:00.500,6460.0
2013,01,10,SHFE,AG,AG1309,84066,4.0,716.0,15:00:00.500,6513.0
2013,01,10,SHFE,AG,AG1310,120387,4.0,76.0,15:00:00.500,6538.0
2013,01,10,SHFE,AG,AG1311,112648,2.0,74.0,15:00:00.500,6568.0
2013,01,10,SHFE,AG,AG1312,183076,78.0,1018.0,15:00:00.500,6614.0
2013,01,11,SHFE,AG,AG1301,104188,2132.0,19496.0,15:00:00.500,6225.0
2013,01,11,SHFE,AG,AG1302,338722,2106.0,6290.0,15:00:00.500,6268.0
2013,01,11,SHFE,AG,AG1303,268362,314.0,4012.0,15:00:00.500,6322.0
2013,01,11,SHFE,AG,AG1304,178654,146.0,366.0,15:00:00.500,6375.0
2013,01,11,SHFE,AG,AG1305,260411,924.0,1864.0,15:00:00.500,6419.0
2013,01,11,SHFE,AG,AG1306,1436984,208212.0,207524.0,15:00:00.500,6469.0
2013,01,11,SHFE,AG,AG1307,133697,24.0,168.0,15:00:00.500,6542.0
2013,01,11,SHFE,AG,AG1308,182293,10.0,128.0,15:00:00.500,6556.0
2013,01,11,SHFE,AG,AG1309,137902,108.0,726.0,15:00:00.500,6575.0
2013,01,11,SHFE,AG,AG1310,179191,6.0,76.0,15:00:00.500,6625.0
2013,01,11,SHFE,AG,AG1311,116737,2.0,76.0,15:00:00.500,6660.0
2013,01,11,SHFE,AG,AG1312,203593,116.0,1084.0,15:00:00.500,6666.0
2013,01,14,SHFE,AG,AG1301,94301,1900.0,18796.0,15:00:00.500,6240.0
2013,01,14,SHFE,AG,AG1302,293833,1294.0,6698.0,15:00:00.500,6280.0
2013,01,14,SHFE,AG,AG1303,202030,134.0,4046.0,15:00:00.500,6334.0
2013,01,14,SHFE,AG,AG1304,181720,46.0,388.0,15:00:00.500,6390.0
2013,01,14,SHFE,AG,AG1305,268724,730.0,1930.0,15:00:00.500,6439.0
2013,01,14,SHFE,AG,AG1306,1362772,173020.0,219970.0,15:00:00.500,6479.0
2013,01,14,SHFE,AG,AG1307,199238,20.0,166.0,15:00:00.500,6518.0
2013,01,14,SHFE,AG,AG1308,171924,16.0,134.0,15:00:00.500,6542.0
2013,01,14,SHFE,AG,AG1309,110610,56.0,750.0,15:00:00.500,6588.0
2013,01,14,SHFE,AG,AG1310,144608,0.0,76.0,15:00:00.500,6625.0
2013,01,14,SHFE,AG,AG1311,163730,6.0,76.0,15:00:00.500,6617.0
2013,01,14,SHFE,AG,AG1312,142597,218.0,1120.0,15:00:00.500,6680.0
2013,01,15,SHFE,AG,AG1301,69663,1312.0,19028.0,15:00:00.500,6300.0
2013,01,15,SHFE,AG,AG1302,356321,1636.0,6928.0,15:00:00.500,6356.0
2013,01,15,SHFE,AG,AG1303,300561,250.0,4028.0,15:00:00.500,6411.0
2013,01,15,SHFE,AG,AG1304,234614,26.0,388.0,15:00:00.500,6480.0
2013,01,15,SHFE,AG,AG1305,300563,606.0,1786.0,15:00:00.500,6495.0
2013,01,15,SHFE,AG,AG1306,1533227,264790.0,222448.0,15:00:00.500,6545.0
2013,01,15,SHFE,AG,AG1307,131127,20.0,172.0,15:00:00.500,6600.0
2013,01,15,SHFE,AG,AG1308,216142,14.0,132.0,15:00:00.500,6621.0
2013,01,15,SHFE,AG,AG1309,132309,32.0,752.0,15:00:00.500,6653.0
2013,01,15,SHFE,AG,AG1310,173841,2.0,76.0,15:00:00.500,6699.0
2013,01,15,SHFE,AG,AG1311,201487,0.0,76.0,15:00:00.500,6617.0
2013,01,15,SHFE,AG,AG1312,202784,160.0,1138.0,15:00:00.500,6746.0
2013,01,16,SHFE,AG,AG1302,257923,1310.0,6980.0,15:00:00.500,6390.0
2013,01,16,SHFE,AG,AG1303,221722,176.0,3964.0,15:00:00.500,6446.0
2013,01,16,SHFE,AG,AG1304,172165,0.0,388.0,15:00:00.500,6480.0
2013,01,16,SHFE,AG,AG1305,202137,698.0,1706.0,15:00:00.500,6548.0
2013,01,16,SHFE,AG,AG1306,1356651,178166.0,214850.0,15:00:00.500,6599.0
2013,01,16,SHFE,AG,AG1307,104402,14.0,176.0,15:00:00.500,6637.0
2013,01,16,SHFE,AG,AG1308,172955,8.0,132.0,15:00:00.500,6666.0
2013,01,16,SHFE,AG,AG1309,110966,78.0,762.0,15:00:00.500,6698.0
2013,01,16,SHFE,AG,AG1310,157407,8.0,76.0,15:00:00.500,6718.0
2013,01,16,SHFE,AG,AG1311,161376,0.0,76.0,15:00:00.500,6668.0
2013,01,16,SHFE,AG,AG1312,137641,164.0,1172.0,15:00:00.500,6803.0
2013,01,16,SHFE,AG,AG1401,196952,2.0,2.0,15:00:00.500,6830.0
2013,01,17,SHFE,AG,AG1302,268160,1166.0,6842.0,15:00:00.500,6371.0
2013,01,17,SHFE,AG,AG1303,182879,94.0,3940.0,15:00:00.500,6434.0
2013,01,17,SHFE,AG,AG1304,153944,8.0,388.0,15:00:00.500,6479.0
2013,01,17,SHFE,AG,AG1305,195858,236.0,1696.0,15:00:00.500,6531.0
2013,01,17,SHFE,AG,AG1306,1315233,150812.0,205140.0,15:00:00.500,6580.0
2013,01,17,SHFE,AG,AG1307,94817,6.0,180.0,15:00:00.500,6628.0
2013,01,17,SHFE,AG,AG1308,146528,0.0,132.0,15:00:00.500,6666.0
2013,01,17,SHFE,AG,AG1309,118812,90.0,806.0,15:00:00.500,6688.0
2013,01,17,SHFE,AG,AG1310,128537,0.0,76.0,15:00:00.500,6718.0
2013,01,17,SHFE,AG,AG1311,161073,0.0,76.0,15:00:00.500,6668.0
2013,01,17,SHFE,AG,AG1312,103479,180.0,1250.0,15:00:00.500,6766.0
2013,01,17,SHFE,AG,AG1401,204928,2.0,4.0,15:00:00.500,6850.0
2013,01,18,SHFE,AG,AG1302,249672,1470.0,7046.0,15:00:00.500,6448.0
2013,01,18,SHFE,AG,AG1303,149440,210.0,3750.0,15:00:00.500,6505.0
2013,01,18,SHFE,AG,AG1304,190348,16.0,384.0,15:00:00.500,6569.0
2013,01,18,SHFE,AG,AG1305,219378,368.0,1712.0,15:00:00.500,6610.0
2013,01,18,SHFE,AG,AG1306,1364037,183112.0,208860.0,15:00:00.500,6663.0
2013,01,18,SHFE,AG,AG1307,152443,24.0,174.0,15:00:00.500,6691.0
2013,01,18,SHFE,AG,AG1308,154664,4.0,132.0,15:00:00.500,6713.0
2013,01,18,SHFE,AG,AG1309,96936,90.0,814.0,15:00:00.500,6764.0
2013,01,18,SHFE,AG,AG1310,143167,4.0,76.0,15:00:00.500,6805.0
2013,01,18,SHFE,AG,AG1311,132922,4.0,74.0,15:00:00.500,6841.0
2013,01,18,SHFE,AG,AG1312,130401,678.0,1680.0,15:00:00.500,6859.0
2013,01,18,SHFE,AG,AG1401,112523,4.0,6.0,15:00:00.500,6899.0
2013,01,21,SHFE,AG,AG1302,236326,2484.0,7044.0,15:00:00.500,6450.0
2013,01,21,SHFE,AG,AG1303,176498,652.0,3338.0,15:00:00.500,6523.0
2013,01,21,SHFE,AG,AG1304,152393,58.0,386.0,15:00:00.500,6568.0
2013,01,21,SHFE,AG,AG1305,187101,546.0,1718.0,15:00:00.500,6602.0
2013,01,21,SHFE,AG,AG1306,1319942,151058.0,204884.0,15:00:00.500,6651.0
2013,01,21,SHFE,AG,AG1307,162398,8.0,172.0,15:00:00.500,6711.0
2013,01,21,SHFE,AG,AG1308,146277,0.0,132.0,15:00:00.500,6713.0
2013,01,21,SHFE,AG,AG1309,113140,268.0,896.0,15:00:00.500,6765.0
2013,01,21,SHFE,AG,AG1310,130456,24.0,76.0,15:00:00.500,6807.0
2013,01,21,SHFE,AG,AG1311,192265,12.0,72.0,15:00:00.500,6821.0
2013,01,21,SHFE,AG,AG1312,158459,618.0,2016.0,15:00:00.500,6840.0
2013,01,21,SHFE,AG,AG1401,120154,0.0,6.0,15:00:00.500,6899.0
2013,01,22,SHFE,AG,AG1302,211181,2328.0,7680.0,15:00:00.500,6495.0
2013,01,22,SHFE,AG,AG1303,175309,176.0,3332.0,15:00:00.500,6538.0
2013,01,22,SHFE,AG,AG1304,170792,34.0,406.0,15:00:00.500,6592.0
2013,01,22,SHFE,AG,AG1305,177055,538.0,1586.0,15:00:00.500,6642.0
2013,01,22,SHFE,AG,AG1306,1269581,145342.0,203428.0,15:00:00.500,6694.0
2013,01,22,SHFE,AG,AG1307,122877,16.0,176.0,15:00:00.500,6725.0
2013,01,22,SHFE,AG,AG1308,143242,2.0,132.0,15:00:00.500,6753.0
2013,01,22,SHFE,AG,AG1309,90418,44.0,904.0,15:00:00.500,6797.0
2013,01,22,SHFE,AG,AG1310,143698,4.0,76.0,15:00:00.500,6813.0
2013,01,22,SHFE,AG,AG1311,176481,0.0,72.0,15:00:00.500,6821.0
2013,01,22,SHFE,AG,AG1312,109971,884.0,2624.0,15:00:00.500,6867.0
2013,01,22,SHFE,AG,AG1401,117797,0.0,6.0,15:00:00.500,6961.0
2013,01,23,SHFE,AG,AG1302,161158,1448.0,7930.0,15:00:00.500,6493.0
2013,01,23,SHFE,AG,AG1303,127730,170.0,3412.0,15:00:00.500,6538.0
2013,01,23,SHFE,AG,AG1304,129581,16.0,400.0,15:00:00.500,6593.0
2013,01,23,SHFE,AG,AG1305,132911,230.0,1598.0,15:00:00.500,6631.0
2013,01,23,SHFE,AG,AG1306,1103738,93064.0,199808.0,15:00:00.500,6686.0
2013,01,23,SHFE,AG,AG1307,79803,0.0,176.0,15:00:00.500,6725.0
2013,01,23,SHFE,AG,AG1308,132663,0.0,132.0,15:00:00.500,6753.0
2013,01,23,SHFE,AG,AG1309,69527,52.0,916.0,15:00:00.500,6785.0
2013,01,23,SHFE,AG,AG1310,100372,4.0,74.0,15:00:00.500,6810.0
2013,01,23,SHFE,AG,AG1311,103814,12.0,62.0,15:00:00.500,6841.0
2013,01,23,SHFE,AG,AG1312,89209,446.0,2794.0,15:00:00.500,6862.0
2013,01,23,SHFE,AG,AG1401,102744,0.0,6.0,15:00:00.500,6929.0
2013,01,24,SHFE,AG,AG1302,284224,1978.0,7778.0,15:00:00.500,6420.0
2013,01,24,SHFE,AG,AG1303,162901,490.0,3512.0,15:00:00.500,6465.0
2013,01,24,SHFE,AG,AG1304,134336,174.0,452.0,15:00:00.500,6523.0
2013,01,24,SHFE,AG,AG1305,234760,448.0,1556.0,15:00:00.500,6553.0
2013,01,24,SHFE,AG,AG1306,1301751,159904.0,193888.0,15:00:00.500,6602.0
2013,01,24,SHFE,AG,AG1307,157975,12.0,174.0,15:00:00.500,6651.0
2013,01,24,SHFE,AG,AG1308,169194,2.0,132.0,15:00:00.500,6712.0
2013,01,24,SHFE,AG,AG1309,147677,168.0,882.0,15:00:00.500,6687.0
2013,01,24,SHFE,AG,AG1310,145195,0.0,74.0,15:00:00.500,6810.0
2013,01,24,SHFE,AG,AG1311,129983,14.0,50.0,15:00:00.500,6764.0
2013,01,24,SHFE,AG,AG1312,141055,866.0,2722.0,15:00:00.500,6793.0
2013,01,24,SHFE,AG,AG1401,126965,0.0,6.0,15:00:00.500,6927.0
2013,01,25,SHFE,AG,AG1302,222751,1746.0,8074.0,15:00:00.500,6387.0
2013,01,25,SHFE,AG,AG1303,96158,268.0,3640.0,15:00:00.500,6439.0
2013,01,25,SHFE,AG,AG1304,147968,26.0,468.0,15:00:00.500,6490.0
2013,01,25,SHFE,AG,AG1305,168255,318.0,1596.0,15:00:00.500,6528.0
2013,01,25,SHFE,AG,AG1306,1201310,122532.0,189640.0,15:00:00.500,6573.0
2013,01,25,SHFE,AG,AG1307,102656,18.0,166.0,15:00:00.500,6595.0
2013,01,25,SHFE,AG,AG1308,164947,8.0,130.0,15:00:00.500,6622.0
2013,01,25,SHFE,AG,AG1309,133939,38.0,888.0,15:00:00.500,6653.0
2013,01,25,SHFE,AG,AG1310,115538,2.0,76.0,15:00:00.500,6684.0
2013,01,25,SHFE,AG,AG1311,111683,2.0,48.0,15:00:00.500,6724.0
2013,01,25,SHFE,AG,AG1312,108266,338.0,2730.0,15:00:00.500,6760.0
2013,01,25,SHFE,AG,AG1401,139534,12.0,10.0,15:00:00.500,6789.0
2013,01,28,SHFE,AG,AG1302,180060,814.0,8338.0,15:00:00.500,6331.0
2013,01,28,SHFE,AG,AG1303,82166,66.0,3656.0,15:00:00.500,6375.0
2013,01,28,SHFE,AG,AG1304,86628,12.0,468.0,15:00:00.500,6422.0
2013,01,28,SHFE,AG,AG1305,147655,430.0,1586.0,15:00:00.500,6457.0
2013,01,28,SHFE,AG,AG1306,1133456,106206.0,189740.0,15:00:00.500,6503.0
2013,01,28,SHFE,AG,AG1307,103337,4.0,164.0,15:00:00.500,6526.0
2013,01,28,SHFE,AG,AG1308,118045,0.0,130.0,15:00:00.500,6622.0
2013,01,28,SHFE,AG,AG1309,76243,54.0,894.0,15:00:00.500,6602.0
2013,01,28,SHFE,AG,AG1310,126221,0.0,76.0,15:00:00.500,6684.0
2013,01,28,SHFE,AG,AG1311,77822,0.0,48.0,15:00:00.500,6724.0
2013,01,28,SHFE,AG,AG1312,98838,326.0,2878.0,15:00:00.500,6686.0
2013,01,28,SHFE,AG,AG1401,231686,0.0,10.0,15:00:00.500,6789.0
2013,01,29,SHFE,AG,AG1302,201600,1560.0,8550.0,15:00:00.500,6337.0
2013,01,29,SHFE,AG,AG1303,103605,178.0,3652.0,15:00:00.500,6381.0
2013,01,29,SHFE,AG,AG1304,125602,44.0,488.0,15:00:00.500,6447.0
2013,01,29,SHFE,AG,AG1305,131866,422.0,1586.0,15:00:00.500,6471.0
2013,01,29,SHFE,AG,AG1306,1268272,134520.0,192032.0,15:00:00.500,6516.0
2013,01,29,SHFE,AG,AG1307,109084,0.0,164.0,15:00:00.500,6526.0
2013,01,29,SHFE,AG,AG1308,157088,4.0,128.0,15:00:00.500,6551.0
2013,01,29,SHFE,AG,AG1309,108264,32.0,902.0,15:00:00.500,6607.0
2013,01,29,SHFE,AG,AG1310,126513,14.0,74.0,15:00:00.500,6606.0
2013,01,29,SHFE,AG,AG1311,127731,6.0,50.0,15:00:00.500,6643.0
2013,01,29,SHFE,AG,AG1312,100317,324.0,2926.0,15:00:00.500,6692.0
2013,01,29,SHFE,AG,AG1401,174543,2.0,10.0,15:00:00.500,6711.0
2013,01,30,SHFE,AG,AG1302,155276,986.0,8590.0,15:00:00.500,6351.0
2013,01,30,SHFE,AG,AG1303,94184,40.0,3662.0,15:00:00.500,6410.0
2013,01,30,SHFE,AG,AG1304,92883,20.0,494.0,15:00:00.500,6469.0
2013,01,30,SHFE,AG,AG1305,107818,432.0,1566.0,15:00:00.500,6497.0
2013,01,30,SHFE,AG,AG1306,1137815,105238.0,194098.0,15:00:00.500,6538.0
2013,01,30,SHFE,AG,AG1307,99498,0.0,164.0,15:00:00.500,6530.0
2013,01,30,SHFE,AG,AG1308,129357,0.0,128.0,15:00:00.500,6551.0
2013,01,30,SHFE,AG,AG1309,92329,28.0,910.0,15:00:00.500,6630.0
2013,01,30,SHFE,AG,AG1310,138026,2.0,74.0,15:00:00.500,6665.0
2013,01,30,SHFE,AG,AG1311,113868,10.0,56.0,15:00:00.500,6698.0
2013,01,30,SHFE,AG,AG1312,104253,266.0,3004.0,15:00:00.500,6733.0
2013,01,30,SHFE,AG,AG1401,146749,0.0,10.0,15:00:00.500,6711.0
2013,01,31,SHFE,AG,AG1302,155137,1764.0,9216.0,15:00:00.500,6480.0
2013,01,31,SHFE,AG,AG1303,84577,848.0,3908.0,15:00:00.500,6522.0
2013,01,31,SHFE,AG,AG1304,106968,100.0,524.0,15:00:00.500,6565.0
2013,01,31,SHFE,AG,AG1305,91793,488.0,1458.0,15:00:00.500,6618.0
2013,01,31,SHFE,AG,AG1306,1161717,119448.0,190944.0,15:00:00.500,6666.0
2013,01,31,SHFE,AG,AG1307,70406,30.0,166.0,15:00:00.500,6691.0
2013,01,31,SHFE,AG,AG1308,135658,16.0,114.0,15:00:00.500,6718.0
2013,01,31,SHFE,AG,AG1309,75932,80.0,920.0,15:00:00.500,6750.0
2013,01,31,SHFE,AG,AG1310,128188,8.0,72.0,15:00:00.500,6777.0
2013,01,31,SHFE,AG,AG1311,121717,4.0,56.0,15:00:00.500,6813.0
2013,01,31,SHFE,AG,AG1312,91512,504.0,2904.0,15:00:00.500,6856.0
2013,01,31,SHFE,AG,AG1401,151289,4.0,10.0,15:00:00.500,6873.0
2013,01,04,SHFE,AL,AL1301,30974,2830.0,36380.0,15:00:00.500,15120.0
2013,01,04,SHFE,AL,AL1302,105526,4890.0,38112.0,15:00:00.500,15240.0
2013,01,04,SHFE,AL,AL1303,170513,6806.0,65588.0,15:00:00.500,15315.0
2013,01,04,SHFE,AL,AL1304,146590,6856.0,23276.0,15:00:00.500,15425.0
2013,01,04,SHFE,AL,AL1305,79364,1128.0,6608.0,15:00:00.500,15510.0
2013,01,04,SHFE,AL,AL1306,35640,116.0,542.0,15:00:00.500,15630.0
2013,01,04,SHFE,AL,AL1307,25955,0.0,400.0,15:00:00.500,15710.0
2013,01,04,SHFE,AL,AL1308,34448,0.0,214.0,15:00:00.500,15730.0
2013,01,04,SHFE,AL,AL1309,43598,0.0,132.0,15:00:00.500,15850.0
2013,01,04,SHFE,AL,AL1310,39076,0.0,68.0,15:00:00.500,15880.0
2013,01,04,SHFE,AL,AL1311,44065,0.0,16.0,15:00:00.500,16045.0
2013,01,04,SHFE,AL,AL1312,29835,0.0,6.0,15:00:00.500,16015.0
2013,01,07,SHFE,AL,AL1301,23837,2320.0,35390.0,15:00:00.500,15075.0
2013,01,07,SHFE,AL,AL1302,66195,3212.0,37472.0,15:00:00.500,15170.0
2013,01,07,SHFE,AL,AL1303,175746,5556.0,65636.0,15:00:00.500,15265.0
2013,01,07,SHFE,AL,AL1304,102339,5074.0,25980.0,15:00:00.500,15375.0
2013,01,07,SHFE,AL,AL1305,69227,1408.0,7004.0,15:00:00.500,15480.0
2013,01,07,SHFE,AL,AL1306,16239,24.0,542.0,15:00:00.500,15570.0
2013,01,07,SHFE,AL,AL1307,16609,12.0,402.0,15:00:00.500,15670.0
2013,01,07,SHFE,AL,AL1308,19809,6.0,216.0,15:00:00.500,15735.0
2013,01,07,SHFE,AL,AL1309,29288,0.0,132.0,15:00:00.500,15850.0
2013,01,07,SHFE,AL,AL1310,22845,0.0,68.0,15:00:00.500,15880.0
2013,01,07,SHFE,AL,AL1311,12839,0.0,16.0,15:00:00.500,16045.0
2013,01,07,SHFE,AL,AL1312,11816,0.0,6.0,15:00:00.500,16015.0
2013,01,08,SHFE,AL,AL1301,23245,4300.0,34000.0,15:00:00.500,15050.0
2013,01,08,SHFE,AL,AL1302,62100,2714.0,37890.0,15:00:00.500,15155.0
2013,01,08,SHFE,AL,AL1303,120365,5922.0,64618.0,15:00:00.500,15240.0
2013,01,08,SHFE,AL,AL1304,112720,5734.0,27910.0,15:00:00.500,15340.0
2013,01,08,SHFE,AL,AL1305,60147,1298.0,7584.0,15:00:00.500,15420.0
2013,01,08,SHFE,AL,AL1306,26529,144.0,588.0,15:00:00.500,15505.0
2013,01,08,SHFE,AL,AL1307,22368,134.0,434.0,15:00:00.500,15580.0
2013,01,08,SHFE,AL,AL1308,20205,4.0,216.0,15:00:00.500,15720.0
2013,01,08,SHFE,AL,AL1309,25445,0.0,132.0,15:00:00.500,15850.0
2013,01,08,SHFE,AL,AL1310,24345,0.0,68.0,15:00:00.500,15880.0
2013,01,08,SHFE,AL,AL1311,19604,0.0,16.0,15:00:00.500,16045.0
2013,01,08,SHFE,AL,AL1312,15761,0.0,6.0,15:00:00.500,16015.0
2013,01,09,SHFE,AL,AL1301,22614,4040.0,32040.0,15:00:00.500,15040.0
2013,01,09,SHFE,AL,AL1302,37699,3168.0,38496.0,15:00:00.500,15160.0
2013,01,09,SHFE,AL,AL1303,77970,3710.0,62778.0,15:00:00.500,15245.0
2013,01,09,SHFE,AL,AL1304,79410,3832.0,28638.0,15:00:00.500,15330.0
2013,01,09,SHFE,AL,AL1305,54926,1644.0,8394.0,15:00:00.500,15400.0
2013,01,09,SHFE,AL,AL1306,27702,196.0,642.0,15:00:00.500,15480.0
2013,01,09,SHFE,AL,AL1307,15248,6.0,432.0,15:00:00.500,15585.0
2013,01,09,SHFE,AL,AL1308,25857,0.0,216.0,15:00:00.500,15720.0
2013,01,09,SHFE,AL,AL1309,15449,0.0,132.0,15:00:00.500,15830.0
2013,01,09,SHFE,AL,AL1310,12903,0.0,68.0,15:00:00.500,15880.0
2013,01,09,SHFE,AL,AL1311,9980,4.0,16.0,15:00:00.500,15840.0
2013,01,09,SHFE,AL,AL1312,8945,0.0,6.0,15:00:00.500,16015.0
2013,01,10,SHFE,AL,AL1301,33786,5410.0,28830.0,15:00:00.500,15050.0
2013,01,10,SHFE,AL,AL1302,65019,5384.0,40284.0,15:00:00.500,15150.0
2013,01,10,SHFE,AL,AL1303,111835,6538.0,62494.0,15:00:00.500,15270.0
2013,01,10,SHFE,AL,AL1304,121071,8210.0,31534.0,15:00:00.500,15360.0
2013,01,10,SHFE,AL,AL1305,81706,3266.0,10484.0,15:00:00.500,15435.0
2013,01,10,SHFE,AL,AL1306,21251,232.0,700.0,15:00:00.500,15475.0
2013,01,10,SHFE,AL,AL1307,21776,336.0,650.0,15:00:00.500,15535.0
2013,01,10,SHFE,AL,AL1308,19829,0.0,216.0,15:00:00.500,15720.0
2013,01,10,SHFE,AL,AL1309,21406,20.0,152.0,15:00:00.500,15690.0
2013,01,10,SHFE,AL,AL1310,27153,278.0,264.0,15:00:00.500,15800.0
2013,01,10,SHFE,AL,AL1311,14063,0.0,16.0,15:00:00.500,15840.0
2013,01,10,SHFE,AL,AL1312,13754,0.0,6.0,15:00:00.500,16015.0
2013,01,11,SHFE,AL,AL1301,24861,4830.0,27420.0,15:00:00.500,15060.0
2013,01,11,SHFE,AL,AL1302,80323,3038.0,40170.0,15:00:00.500,15155.0
2013,01,11,SHFE,AL,AL1303,125188,8978.0,62258.0,15:00:00.500,15250.0
2013,01,11,SHFE,AL,AL1304,126457,7702.0,33528.0,15:00:00.500,15325.0
2013,01,11,SHFE,AL,AL1305,91375,2620.0,11838.0,15:00:00.500,15400.0
2013,01,11,SHFE,AL,AL1306,25111,304.0,836.0,15:00:00.500,15475.0
2013,01,11,SHFE,AL,AL1307,15853,4.0,646.0,15:00:00.500,15540.0
2013,01,11,SHFE,AL,AL1308,19571,2.0,214.0,15:00:00.500,15650.0
2013,01,11,SHFE,AL,AL1309,11181,8.0,146.0,15:00:00.500,15690.0
2013,01,11,SHFE,AL,AL1310,22564,2.0,266.0,15:00:00.500,15810.0
2013,01,11,SHFE,AL,AL1311,9066,0.0,16.0,15:00:00.500,15840.0
2013,01,11,SHFE,AL,AL1312,5959,0.0,6.0,15:00:00.500,16015.0
2013,01,14,SHFE,AL,AL1301,38691,6080.0,24200.0,15:00:00.500,15010.0
2013,01,14,SHFE,AL,AL1302,78618,2830.0,40370.0,15:00:00.500,15125.0
2013,01,14,SHFE,AL,AL1303,106238,7604.0,62370.0,15:00:00.500,15235.0
2013,01,14,SHFE,AL,AL1304,132563,5702.0,35164.0,15:00:00.500,15325.0
2013,01,14,SHFE,AL,AL1305,83447,3010.0,13392.0,15:00:00.500,15385.0
2013,01,14,SHFE,AL,AL1306,20163,862.0,1472.0,15:00:00.500,15435.0
2013,01,14,SHFE,AL,AL1307,17509,70.0,684.0,15:00:00.500,15515.0
2013,01,14,SHFE,AL,AL1308,22167,0.0,214.0,15:00:00.500,15650.0
2013,01,14,SHFE,AL,AL1309,18678,40.0,180.0,15:00:00.500,15680.0
2013,01,14,SHFE,AL,AL1310,15583,4.0,270.0,15:00:00.500,15775.0
2013,01,14,SHFE,AL,AL1311,13254,0.0,16.0,15:00:00.500,15840.0
2013,01,14,SHFE,AL,AL1312,10236,0.0,6.0,14:59:51.500,16015.0
2013,01,15,SHFE,AL,AL1301,55473,7560.0,20930.0,15:00:00.500,14915.0
2013,01,15,SHFE,AL,AL1302,129400,5802.0,39890.0,15:00:00.500,15045.0
2013,01,15,SHFE,AL,AL1303,233040,20090.0,64054.0,15:00:00.500,15130.0
2013,01,15,SHFE,AL,AL1304,264906,14710.0,38414.0,15:00:00.500,15205.0
2013,01,15,SHFE,AL,AL1305,154953,5530.0,15188.0,15:00:00.500,15270.0
2013,01,15,SHFE,AL,AL1306,46399,1974.0,2702.0,15:00:00.500,15320.0
2013,01,15,SHFE,AL,AL1307,29066,516.0,890.0,15:00:00.500,15430.0
2013,01,15,SHFE,AL,AL1308,24741,4.0,216.0,15:00:00.500,15500.0
2013,01,15,SHFE,AL,AL1309,19853,6.0,182.0,15:00:00.500,15580.0
2013,01,15,SHFE,AL,AL1310,18745,30.0,276.0,15:00:00.500,15640.0
2013,01,15,SHFE,AL,AL1311,12869,0.0,16.0,15:00:00.500,15805.0
2013,01,15,SHFE,AL,AL1312,14806,0.0,6.0,15:00:00.500,15980.0
2013,01,16,SHFE,AL,AL1302,63002,2732.0,38788.0,15:00:00.500,15045.0
2013,01,16,SHFE,AL,AL1303,139186,9182.0,61522.0,15:00:00.500,15155.0
2013,01,16,SHFE,AL,AL1304,175035,6372.0,38294.0,15:00:00.500,15255.0
2013,01,16,SHFE,AL,AL1305,132896,6060.0,17688.0,15:00:00.500,15330.0
2013,01,16,SHFE,AL,AL1306,48493,1788.0,4202.0,15:00:00.500,15390.0
2013,01,16,SHFE,AL,AL1307,29200,140.0,1006.0,15:00:00.500,15410.0
2013,01,16,SHFE,AL,AL1308,17946,16.0,216.0,15:00:00.500,15530.0
2013,01,16,SHFE,AL,AL1309,14846,0.0,182.0,15:00:00.500,15580.0
2013,01,16,SHFE,AL,AL1310,13972,20.0,276.0,15:00:00.500,15730.0
2013,01,16,SHFE,AL,AL1311,15115,0.0,16.0,15:00:00.500,15805.0
2013,01,16,SHFE,AL,AL1312,13554,0.0,6.0,15:00:00.500,15980.0
2013,01,16,SHFE,AL,AL1401,22935,0.0,0.0,15:00:00.500,15980.0
2013,01,17,SHFE,AL,AL1302,61378,3764.0,37558.0,15:00:00.500,15045.0
2013,01,17,SHFE,AL,AL1303,117430,8508.0,60660.0,15:00:00.500,15155.0
2013,01,17,SHFE,AL,AL1304,163346,7018.0,39720.0,15:00:00.500,15240.0
2013,01,17,SHFE,AL,AL1305,109121,4356.0,19218.0,15:00:00.500,15325.0
2013,01,17,SHFE,AL,AL1306,64244,2710.0,6068.0,15:00:00.500,15410.0
2013,01,17,SHFE,AL,AL1307,23913,380.0,1190.0,15:00:00.500,15445.0
2013,01,17,SHFE,AL,AL1308,14191,8.0,218.0,15:00:00.500,15530.0
2013,01,17,SHFE,AL,AL1309,19014,8.0,188.0,15:00:00.500,15640.0
2013,01,17,SHFE,AL,AL1310,15670,8.0,284.0,15:00:00.500,15690.0
2013,01,17,SHFE,AL,AL1311,8036,8.0,24.0,15:00:00.500,15800.0
2013,01,17,SHFE,AL,AL1312,9993,8.0,14.0,15:00:00.500,15910.0
2013,01,17,SHFE,AL,AL1401,9093,2.0,2.0,15:00:00.500,16075.0
2013,01,18,SHFE,AL,AL1302,65201,3406.0,36958.0,15:00:00.500,15085.0
2013,01,18,SHFE,AL,AL1303,105755,5478.0,59004.0,15:00:00.500,15190.0
2013,01,18,SHFE,AL,AL1304,149132,5940.0,39356.0,15:00:00.500,15285.0
2013,01,18,SHFE,AL,AL1305,90039,2808.0,19806.0,15:00:00.500,15365.0
2013,01,18,SHFE,AL,AL1306,60928,1598.0,7296.0,15:00:00.500,15435.0
2013,01,18,SHFE,AL,AL1307,37369,106.0,1288.0,15:00:00.500,15470.0
2013,01,18,SHFE,AL,AL1308,16259,0.0,218.0,15:00:00.500,15530.0
2013,01,18,SHFE,AL,AL1309,22709,4.0,192.0,15:00:00.500,15625.0
2013,01,18,SHFE,AL,AL1310,24973,8.0,282.0,15:00:00.500,15780.0
2013,01,18,SHFE,AL,AL1311,11443,0.0,24.0,15:00:00.500,15800.0
2013,01,18,SHFE,AL,AL1312,10875,0.0,14.0,15:00:00.500,15910.0
2013,01,18,SHFE,AL,AL1401,17171,0.0,2.0,15:00:00.500,16075.0
2013,01,21,SHFE,AL,AL1302,54353,2212.0,36776.0,15:00:00.500,15060.0
2013,01,21,SHFE,AL,AL1303,89315,4678.0,58140.0,15:00:00.500,15160.0
2013,01,21,SHFE,AL,AL1304,97212,5526.0,39626.0,15:00:00.500,15255.0
2013,01,21,SHFE,AL,AL1305,65425,2522.0,20604.0,15:00:00.500,15335.0
2013,01,21,SHFE,AL,AL1306,50307,112.0,7374.0,15:00:00.500,15410.0
2013,01,21,SHFE,AL,AL1307,18238,10.0,1290.0,15:00:00.500,15470.0
2013,01,21,SHFE,AL,AL1308,14317,0.0,218.0,15:00:00.500,15520.0
2013,01,21,SHFE,AL,AL1309,10528,4.0,192.0,15:00:00.500,15700.0
2013,01,21,SHFE,AL,AL1310,14174,6.0,282.0,15:00:00.500,15690.0
2013,01,21,SHFE,AL,AL1311,9485,0.0,24.0,15:00:00.500,15815.0
2013,01,21,SHFE,AL,AL1312,10726,0.0,14.0,15:00:00.500,15910.0
2013,01,21,SHFE,AL,AL1401,14631,0.0,2.0,15:00:00.500,16090.0
2013,01,22,SHFE,AL,AL1302,62634,3216.0,36236.0,15:00:00.500,15065.0
2013,01,22,SHFE,AL,AL1303,114540,5398.0,56670.0,15:00:00.500,15175.0
2013,01,22,SHFE,AL,AL1304,160445,8324.0,42230.0,15:00:00.500,15265.0
2013,01,22,SHFE,AL,AL1305,118162,3794.0,22306.0,15:00:00.500,15350.0
2013,01,22,SHFE,AL,AL1306,58051,452.0,7608.0,15:00:00.500,15395.0
2013,01,22,SHFE,AL,AL1307,20012,96.0,1288.0,15:00:00.500,15480.0
2013,01,22,SHFE,AL,AL1308,11830,0.0,218.0,15:00:00.500,15520.0
2013,01,22,SHFE,AL,AL1309,26122,2.0,192.0,15:00:00.500,15660.0
2013,01,22,SHFE,AL,AL1310,14947,0.0,282.0,15:00:00.500,15690.0
2013,01,22,SHFE,AL,AL1311,10043,0.0,24.0,15:00:00.500,15815.0
2013,01,22,SHFE,AL,AL1312,10006,0.0,14.0,15:00:00.500,15910.0
2013,01,22,SHFE,AL,AL1401,9041,0.0,2.0,15:00:00.500,16090.0
2013,01,23,SHFE,AL,AL1302,43832,2120.0,35936.0,15:00:00.500,15060.0
2013,01,23,SHFE,AL,AL1303,92594,3120.0,55992.0,15:00:00.500,15155.0
2013,01,23,SHFE,AL,AL1304,129799,7728.0,44338.0,15:00:00.500,15255.0
2013,01,23,SHFE,AL,AL1305,84139,1978.0,23138.0,15:00:00.500,15330.0
2013,01,23,SHFE,AL,AL1306,38529,296.0,7644.0,15:00:00.500,15400.0
2013,01,23,SHFE,AL,AL1307,13400,40.0,1274.0,15:00:00.500,15455.0
2013,01,23,SHFE,AL,AL1308,9914,4.0,218.0,15:00:00.500,15530.0
2013,01,23,SHFE,AL,AL1309,17831,0.0,192.0,15:00:00.500,15660.0
2013,01,23,SHFE,AL,AL1310,7467,0.0,282.0,15:00:00.500,15690.0
2013,01,23,SHFE,AL,AL1311,6725,0.0,24.0,15:00:00.500,15815.0
2013,01,23,SHFE,AL,AL1312,6349,0.0,14.0,15:00:00.500,15910.0
2013,01,23,SHFE,AL,AL1401,7275,0.0,2.0,14:59:51.0,16090.0
2013,01,24,SHFE,AL,AL1302,63410,2362.0,34840.0,15:00:00.500,15025.0
2013,01,24,SHFE,AL,AL1303,96024,5042.0,55710.0,15:00:00.500,15125.0
2013,01,24,SHFE,AL,AL1304,140248,6976.0,46520.0,15:00:00.500,15230.0
2013,01,24,SHFE,AL,AL1305,102095,2772.0,24316.0,15:00:00.500,15295.0
2013,01,24,SHFE,AL,AL1306,37546,352.0,7668.0,15:00:00.500,15370.0
2013,01,24,SHFE,AL,AL1307,16567,118.0,1300.0,15:00:00.500,15430.0
2013,01,24,SHFE,AL,AL1308,12405,0.0,218.0,15:00:00.500,15530.0
2013,01,24,SHFE,AL,AL1309,15393,0.0,192.0,15:00:00.500,15670.0
2013,01,24,SHFE,AL,AL1310,10368,0.0,282.0,15:00:00.500,15690.0
2013,01,24,SHFE,AL,AL1311,10206,0.0,24.0,15:00:00.500,15825.0
2013,01,24,SHFE,AL,AL1312,11338,0.0,14.0,15:00:00.500,15910.0
2013,01,24,SHFE,AL,AL1401,8528,0.0,2.0,15:00:00.500,16100.0
2013,01,25,SHFE,AL,AL1302,42491,2352.0,33094.0,15:00:00.500,15020.0
2013,01,25,SHFE,AL,AL1303,75311,4342.0,54376.0,15:00:00.500,15125.0
2013,01,25,SHFE,AL,AL1304,93980,6334.0,49498.0,15:00:00.500,15225.0
2013,01,25,SHFE,AL,AL1305,77026,3674.0,26204.0,15:00:00.500,15305.0
2013,01,25,SHFE,AL,AL1306,27845,216.0,7728.0,15:00:00.500,15385.0
2013,01,25,SHFE,AL,AL1307,9258,0.0,1300.0,15:00:00.500,15430.0
2013,01,25,SHFE,AL,AL1308,11059,2.0,220.0,15:00:00.500,15535.0
2013,01,25,SHFE,AL,AL1309,18335,0.0,192.0,15:00:00.500,15670.0
2013,01,25,SHFE,AL,AL1310,7479,0.0,282.0,15:00:00.500,15690.0
2013,01,25,SHFE,AL,AL1311,8596,0.0,24.0,15:00:00.500,15825.0
2013,01,25,SHFE,AL,AL1312,12069,0.0,14.0,15:00:00.500,15910.0
2013,01,25,SHFE,AL,AL1401,7820,0.0,2.0,15:00:00.500,16100.0
2013,01,28,SHFE,AL,AL1302,54410,1910.0,32066.0,15:00:00.500,14975.0
2013,01,28,SHFE,AL,AL1303,83894,3046.0,54122.0,15:00:00.500,15075.0
2013,01,28,SHFE,AL,AL1304,124632,6862.0,52878.0,15:00:00.500,15165.0
2013,01,28,SHFE,AL,AL1305,83612,3502.0,27786.0,15:00:00.500,15255.0
2013,01,28,SHFE,AL,AL1306,36621,1552.0,8134.0,15:00:00.500,15325.0
2013,01,28,SHFE,AL,AL1307,16384,12.0,1302.0,15:00:00.500,15395.0
2013,01,28,SHFE,AL,AL1308,19338,2.0,222.0,15:00:00.500,15515.0
2013,01,28,SHFE,AL,AL1309,14038,2.0,190.0,15:00:00.500,15500.0
2013,01,28,SHFE,AL,AL1310,10008,2.0,284.0,15:00:00.500,15660.0
2013,01,28,SHFE,AL,AL1311,12310,0.0,24.0,15:00:00.500,15830.0
2013,01,28,SHFE,AL,AL1312,18838,0.0,14.0,15:00:00.500,15910.0
2013,01,28,SHFE,AL,AL1401,8191,2.0,2.0,15:00:00.500,15935.0
2013,01,29,SHFE,AL,AL1302,47318,4676.0,30624.0,15:00:00.500,14980.0
2013,01,29,SHFE,AL,AL1303,79945,3980.0,53390.0,15:00:00.500,15080.0
2013,01,29,SHFE,AL,AL1304,117387,5426.0,54102.0,15:00:00.500,15170.0
2013,01,29,SHFE,AL,AL1305,107670,5078.0,29958.0,15:00:00.500,15255.0
2013,01,29,SHFE,AL,AL1306,50019,1836.0,9066.0,15:00:00.500,15330.0
2013,01,29,SHFE,AL,AL1307,16517,72.0,1326.0,15:00:00.500,15385.0
2013,01,29,SHFE,AL,AL1308,14353,38.0,250.0,15:00:00.500,15460.0
2013,01,29,SHFE,AL,AL1309,11421,0.0,190.0,15:00:00.500,15500.0
2013,01,29,SHFE,AL,AL1310,20717,24.0,308.0,15:00:00.500,15680.0
2013,01,29,SHFE,AL,AL1311,10914,0.0,24.0,15:00:00.500,15830.0
2013,01,29,SHFE,AL,AL1312,14444,0.0,14.0,15:00:00.500,15910.0
2013,01,29,SHFE,AL,AL1401,11108,2.0,4.0,15:00:00.500,15900.0
2013,01,30,SHFE,AL,AL1302,61599,4144.0,28878.0,15:00:00.500,14990.0
2013,01,30,SHFE,AL,AL1303,117329,8312.0,51424.0,15:00:00.500,15110.0
2013,01,30,SHFE,AL,AL1304,169659,8414.0,53666.0,15:00:00.500,15215.0
2013,01,30,SHFE,AL,AL1305,199620,11514.0,35530.0,15:00:00.500,15305.0
2013,01,30,SHFE,AL,AL1306,82005,1722.0,9914.0,15:00:00.500,15370.0
2013,01,30,SHFE,AL,AL1307,21227,136.0,1384.0,15:00:00.500,15470.0
2013,01,30,SHFE,AL,AL1308,21159,48.0,280.0,15:00:00.500,15545.0
2013,01,30,SHFE,AL,AL1309,16697,54.0,210.0,15:00:00.500,15620.0
2013,01,30,SHFE,AL,AL1310,19807,84.0,320.0,15:00:00.500,15710.0
2013,01,30,SHFE,AL,AL1311,10755,0.0,24.0,15:00:00.500,15830.0
2013,01,30,SHFE,AL,AL1312,14673,0.0,14.0,15:00:00.500,15940.0
2013,01,30,SHFE,AL,AL1401,13775,0.0,4.0,15:00:00.500,15900.0
2013,01,31,SHFE,AL,AL1302,49062,4844.0,26630.0,15:00:00.500,15030.0
2013,01,31,SHFE,AL,AL1303,90180,6710.0,50418.0,15:00:00.500,15155.0
2013,01,31,SHFE,AL,AL1304,139668,7550.0,52066.0,15:00:00.500,15250.0
2013,01,31,SHFE,AL,AL1305,194344,12426.0,42720.0,15:00:00.500,15365.0
2013,01,31,SHFE,AL,AL1306,73173,2422.0,11142.0,15:00:00.500,15450.0
2013,01,31,SHFE,AL,AL1307,19940,382.0,1646.0,15:00:00.500,15530.0
2013,01,31,SHFE,AL,AL1308,14939,66.0,316.0,15:00:00.500,15585.0
2013,01,31,SHFE,AL,AL1309,18621,118.0,258.0,15:00:00.500,15700.0
2013,01,31,SHFE,AL,AL1310,20583,86.0,378.0,15:00:00.500,15810.0
2013,01,31,SHFE,AL,AL1311,11832,2.0,26.0,15:00:00.500,15905.0
2013,01,31,SHFE,AL,AL1312,9948,0.0,14.0,15:00:00.500,15940.0
2013,01,31,SHFE,AL,AL1401,9502,4.0,4.0,15:00:00.500,15865.0
2013,01,04,SHFE,AU,AU1301,65982,58.0,516.0,15:00:00.500,330.35
2013,01,04,SHFE,AU,AU1302,208283,4.0,198.0,15:00:00.500,331.93
2013,01,04,SHFE,AU,AU1303,345628,48.0,364.0,15:00:00.500,332.98
2013,01,04,SHFE,AU,AU1304,290677,2.0,200.0,15:00:00.500,334.01
2013,01,04,SHFE,AU,AU1305,486409,130.0,364.0,15:00:00.500,335.86
2013,01,04,SHFE,AU,AU1306,1050037,63218.0,111832.0,15:00:00.500,336.84
2013,01,04,SHFE,AU,AU1307,427687,12.0,102.0,15:00:00.500,337.15
2013,01,04,SHFE,AU,AU1308,317931,0.0,100.0,15:00:00.500,341.35
2013,01,04,SHFE,AU,AU1309,369837,0.0,134.0,15:00:00.500,340.5
2013,01,04,SHFE,AU,AU1310,290877,4.0,12.0,14:59:53.0,339.14
2013,01,04,SHFE,AU,AU1311,371918,6.0,6.0,14:59:55.500,339.54
2013,01,04,SHFE,AU,AU1312,222382,100.0,340.0,15:00:00.500,340.44
2013,01,07,SHFE,AU,AU1301,40882,24.0,516.0,15:00:00.500,333.6
2013,01,07,SHFE,AU,AU1302,197959,10.0,198.0,15:00:00.500,333.62
2013,01,07,SHFE,AU,AU1303,264950,20.0,364.0,15:00:00.500,334.93
2013,01,07,SHFE,AU,AU1304,350506,20.0,192.0,15:00:00.500,337.97
2013,01,07,SHFE,AU,AU1305,280707,120.0,348.0,15:00:00.500,337.3
2013,01,07,SHFE,AU,AU1306,995526,44956.0,115250.0,15:00:00.500,338.54
2013,01,07,SHFE,AU,AU1307,327178,0.0,102.0,14:59:58.0,337.15
2013,01,07,SHFE,AU,AU1308,235723,0.0,100.0,15:00:00.500,338.35
2013,01,07,SHFE,AU,AU1309,247232,4.0,134.0,15:00:00.500,341.44
2013,01,07,SHFE,AU,AU1310,268944,6.0,14.0,14:59:56.500,342.57
2013,01,07,SHFE,AU,AU1311,257225,2.0,6.0,14:59:53.500,342.58
2013,01,07,SHFE,AU,AU1312,212859,52.0,338.0,15:00:00.500,342.37
2013,01,08,SHFE,AU,AU1301,55489,48.0,510.0,15:00:00.500,330.5
2013,01,08,SHFE,AU,AU1302,135955,40.0,170.0,15:00:00.500,331.59
2013,01,08,SHFE,AU,AU1303,199768,14.0,360.0,15:00:00.500,332.68
2013,01,08,SHFE,AU,AU1304,182243,6.0,194.0,15:00:00.500,334.76
2013,01,08,SHFE,AU,AU1305,261005,42.0,336.0,15:00:00.500,335.68
2013,01,08,SHFE,AU,AU1306,928616,32290.0,116024.0,15:00:00.500,336.53
2013,01,08,SHFE,AU,AU1307,261143,0.0,102.0,14:59:57.500,339.48
2013,01,08,SHFE,AU,AU1308,154353,0.0,100.0,15:00:00.500,340.83
2013,01,08,SHFE,AU,AU1309,171614,0.0,134.0,15:00:00.500,341.44
2013,01,08,SHFE,AU,AU1310,260702,0.0,14.0,14:59:57.500,342.57
2013,01,08,SHFE,AU,AU1311,224070,6.0,8.0,15:00:00.500,340.0
2013,01,08,SHFE,AU,AU1312,176638,100.0,352.0,15:00:00.500,339.8
2013,01,09,SHFE,AU,AU1301,11799,66.0,510.0,15:00:00.500,333.3
2013,01,09,SHFE,AU,AU1302,54213,6.0,168.0,15:00:00.500,333.61
2013,01,09,SHFE,AU,AU1303,188276,16.0,358.0,15:00:00.500,334.98
2013,01,09,SHFE,AU,AU1304,236633,4.0,198.0,15:00:00.500,336.81
2013,01,09,SHFE,AU,AU1305,268093,44.0,340.0,15:00:00.500,337.5
2013,01,09,SHFE,AU,AU1306,919909,37642.0,116542.0,15:00:00.500,339.32
2013,01,09,SHFE,AU,AU1307,224914,0.0,102.0,14:59:58.0,337.32
2013,01,09,SHFE,AU,AU1308,221932,0.0,100.0,15:00:00.500,338.67
2013,01,09,SHFE,AU,AU1309,207785,0.0,134.0,15:00:00.500,339.27
2013,01,09,SHFE,AU,AU1310,307958,0.0,14.0,14:59:58.0,340.14
2013,01,09,SHFE,AU,AU1311,263560,4.0,8.0,15:00:00.500,341.99
2013,01,09,SHFE,AU,AU1312,274889,60.0,366.0,15:00:00.500,342.57
2013,01,10,SHFE,AU,AU1301,11313,72.0,486.0,15:00:00.500,331.96
2013,01,10,SHFE,AU,AU1302,77077,26.0,170.0,15:00:00.500,333.7
2013,01,10,SHFE,AU,AU1303,201783,6.0,356.0,15:00:00.500,334.87
2013,01,10,SHFE,AU,AU1304,228335,0.0,198.0,15:00:00.500,336.81
2013,01,10,SHFE,AU,AU1305,254949,22.0,346.0,15:00:00.500,338.3
2013,01,10,SHFE,AU,AU1306,842470,29456.0,116226.0,15:00:00.500,338.68
2013,01,10,SHFE,AU,AU1307,223695,4.0,104.0,15:00:00.500,338.44
2013,01,10,SHFE,AU,AU1308,163052,2.0,102.0,15:00:00.500,341.47
2013,01,10,SHFE,AU,AU1309,168473,6.0,134.0,15:00:00.500,341.38
2013,01,10,SHFE,AU,AU1310,287157,2.0,14.0,15:00:00.500,341.04
2013,01,10,SHFE,AU,AU1311,272609,0.0,8.0,14:59:58.0,341.99
2013,01,10,SHFE,AU,AU1312,205145,66.0,398.0,15:00:00.500,342.0
2013,01,11,SHFE,AU,AU1301,3611,0.0,486.0,15:00:00.500,331.96
2013,01,11,SHFE,AU,AU1302,91586,2.0,168.0,15:00:00.500,335.97
2013,01,11,SHFE,AU,AU1303,162290,10.0,352.0,15:00:00.500,337.68
2013,01,11,SHFE,AU,AU1304,229297,6.0,196.0,15:00:00.500,339.78
2013,01,11,SHFE,AU,AU1305,296968,26.0,338.0,15:00:00.500,340.46
2013,01,11,SHFE,AU,AU1306,853054,36272.0,114900.0,15:00:00.500,341.39
2013,01,11,SHFE,AU,AU1307,262666,0.0,104.0,14:59:58.0,338.44
2013,01,11,SHFE,AU,AU1308,295793,2.0,102.0,15:00:00.500,343.41
2013,01,11,SHFE,AU,AU1309,159067,2.0,134.0,15:00:00.500,343.97
2013,01,11,SHFE,AU,AU1310,348484,0.0,14.0,14:59:58.0,341.04
2013,01,11,SHFE,AU,AU1311,268203,2.0,10.0,14:59:58.0,344.51
2013,01,11,SHFE,AU,AU1312,261660,222.0,542.0,15:00:00.500,344.35
2013,01,14,SHFE,AU,AU1301,2896,24.0,498.0,15:00:00.500,332.11
2013,01,14,SHFE,AU,AU1302,171880,8.0,172.0,14:59:55.500,334.02
2013,01,14,SHFE,AU,AU1303,151639,4.0,350.0,15:00:00.500,335.8
2013,01,14,SHFE,AU,AU1304,252948,0.0,196.0,15:00:00.500,339.78
2013,01,14,SHFE,AU,AU1305,322359,148.0,338.0,15:00:00.500,339.5
2013,01,14,SHFE,AU,AU1306,795561,28512.0,116048.0,15:00:00.500,340.35
2013,01,14,SHFE,AU,AU1307,240867,0.0,104.0,15:00:00.500,342.6
2013,01,14,SHFE,AU,AU1308,130713,0.0,102.0,15:00:00.500,343.41
2013,01,14,SHFE,AU,AU1309,134163,2.0,134.0,15:00:00.500,343.08
2013,01,14,SHFE,AU,AU1310,233108,10.0,14.0,15:00:00.500,342.1
2013,01,14,SHFE,AU,AU1311,199242,4.0,14.0,14:59:58.0,342.9
2013,01,14,SHFE,AU,AU1312,263494,130.0,606.0,15:00:00.500,343.25
2013,01,15,SHFE,AU,AU1301,3722,78.0,480.0,15:00:00.500,334.6
2013,01,15,SHFE,AU,AU1302,145523,24.0,176.0,15:00:00.500,335.08
2013,01,15,SHFE,AU,AU1303,219098,36.0,344.0,15:00:00.500,336.0
2013,01,15,SHFE,AU,AU1304,285187,76.0,202.0,15:00:00.500,337.53
2013,01,15,SHFE,AU,AU1305,350637,56.0,352.0,15:00:00.500,339.95
2013,01,15,SHFE,AU,AU1306,1004368,46930.0,119718.0,15:00:00.500,340.9
2013,01,15,SHFE,AU,AU1307,252817,4.0,102.0,15:00:00.500,341.61
2013,01,15,SHFE,AU,AU1308,172717,6.0,102.0,15:00:00.500,343.03
2013,01,15,SHFE,AU,AU1309,261751,8.0,134.0,15:00:00.500,343.27
2013,01,15,SHFE,AU,AU1310,258253,2.0,12.0,15:00:00.500,342.96
2013,01,15,SHFE,AU,AU1311,270469,0.0,14.0,14:59:57.500,342.9
2013,01,15,SHFE,AU,AU1312,270773,390.0,844.0,15:00:00.500,343.27
2013,01,16,SHFE,AU,AU1302,85073,40.0,176.0,15:00:00.500,337.77
2013,01,16,SHFE,AU,AU1303,183951,10.0,344.0,15:00:00.500,337.49
2013,01,16,SHFE,AU,AU1304,171616,0.0,202.0,15:00:00.500,337.53
2013,01,16,SHFE,AU,AU1305,293424,74.0,338.0,15:00:00.500,341.9
2013,01,16,SHFE,AU,AU1306,910136,38706.0,119046.0,15:00:00.500,343.5
2013,01,16,SHFE,AU,AU1307,207399,0.0,102.0,15:00:00.500,341.61
2013,01,16,SHFE,AU,AU1308,174743,2.0,102.0,14:59:58.0,345.01
2013,01,16,SHFE,AU,AU1309,224013,8.0,130.0,15:00:00.500,344.87
2013,01,16,SHFE,AU,AU1310,270822,2.0,12.0,14:59:58.500,345.61
2013,01,16,SHFE,AU,AU1311,236760,0.0,14.0,14:59:58.500,343.76
2013,01,16,SHFE,AU,AU1312,237370,346.0,1028.0,15:00:00.500,345.22
2013,01,16,SHFE,AU,AU1401,188000,0.0,0.0,15:00:00.500,342.96
2013,01,17,SHFE,AU,AU1302,133247,2.0,176.0,15:00:00.500,337.52
2013,01,17,SHFE,AU,AU1303,231261,0.0,344.0,15:00:00.500,337.49
2013,01,17,SHFE,AU,AU1304,221054,2.0,200.0,15:00:00.500,340.21
2013,01,17,SHFE,AU,AU1305,280019,68.0,332.0,15:00:00.500,340.64
2013,01,17,SHFE,AU,AU1306,804052,33994.0,116190.0,15:00:00.500,342.49
2013,01,17,SHFE,AU,AU1307,247493,0.0,102.0,14:59:58.0,343.92
2013,01,17,SHFE,AU,AU1308,216758,0.0,102.0,15:00:00.500,345.01
2013,01,17,SHFE,AU,AU1309,178176,2.0,130.0,15:00:00.500,344.45
2013,01,17,SHFE,AU,AU1310,216589,0.0,12.0,14:59:57.500,345.61
2013,01,17,SHFE,AU,AU1311,221643,0.0,14.0,14:59:54.500,346.41
2013,01,17,SHFE,AU,AU1312,234961,176.0,1162.0,15:00:00.500,343.95
2013,01,17,SHFE,AU,AU1401,129090,0.0,0.0,14:59:52.0,344.0
2013,01,18,SHFE,AU,AU1302,154758,4.0,174.0,15:00:00.500,338.0
2013,01,18,SHFE,AU,AU1303,262362,58.0,344.0,15:00:00.500,338.93
2013,01,18,SHFE,AU,AU1304,211505,10.0,206.0,14:59:56.0,340.75
2013,01,18,SHFE,AU,AU1305,199207,22.0,330.0,15:00:00.500,342.47
2013,01,18,SHFE,AU,AU1306,801012,28408.0,115798.0,15:00:00.500,344.28
2013,01,18,SHFE,AU,AU1307,173054,16.0,116.0,14:59:58.0,345.34
2013,01,18,SHFE,AU,AU1308,176860,0.0,102.0,15:00:00.500,344.14
2013,01,18,SHFE,AU,AU1309,212660,0.0,130.0,15:00:00.500,344.45
2013,01,18,SHFE,AU,AU1310,264226,0.0,12.0,14:59:58.0,344.47
2013,01,18,SHFE,AU,AU1311,243463,6.0,18.0,14:59:58.0,346.13
2013,01,18,SHFE,AU,AU1312,221367,496.0,1496.0,15:00:00.500,345.68
2013,01,18,SHFE,AU,AU1401,138968,0.0,0.0,15:00:00.500,343.02
2013,01,21,SHFE,AU,AU1302,162818,4.0,174.0,15:00:00.500,338.71
2013,01,21,SHFE,AU,AU1303,196289,94.0,284.0,15:00:00.500,339.03
2013,01,21,SHFE,AU,AU1304,259822,64.0,216.0,15:00:00.500,341.2
2013,01,21,SHFE,AU,AU1305,180575,40.0,324.0,15:00:00.500,342.92
2013,01,21,SHFE,AU,AU1306,689538,20808.0,116826.0,15:00:00.500,344.06
2013,01,21,SHFE,AU,AU1307,148236,4.0,112.0,15:00:00.500,345.34
2013,01,21,SHFE,AU,AU1308,278497,0.0,102.0,15:00:00.500,346.31
2013,01,21,SHFE,AU,AU1309,227720,38.0,144.0,15:00:00.500,345.35
2013,01,21,SHFE,AU,AU1310,230596,0.0,12.0,14:59:54.500,346.64
2013,01,21,SHFE,AU,AU1311,310432,2.0,16.0,14:59:58.0,346.44
2013,01,21,SHFE,AU,AU1312,255061,462.0,1732.0,15:00:00.500,346.53
2013,01,21,SHFE,AU,AU1401,226969,0.0,0.0,15:00:00.500,343.02
2013,01,22,SHFE,AU,AU1302,168390,0.0,174.0,15:00:00.500,338.71
2013,01,22,SHFE,AU,AU1303,160302,10.0,288.0,15:00:00.500,340.0
2013,01,22,SHFE,AU,AU1304,334811,0.0,216.0,15:00:00.500,341.2
2013,01,22,SHFE,AU,AU1305,282842,42.0,314.0,15:00:00.500,344.18
2013,01,22,SHFE,AU,AU1306,755030,28632.0,118774.0,15:00:00.500,345.5
2013,01,22,SHFE,AU,AU1307,221643,12.0,100.0,15:00:00.500,345.35
2013,01,22,SHFE,AU,AU1308,163986,4.0,104.0,15:00:00.500,345.83
2013,01,22,SHFE,AU,AU1309,280500,4.0,140.0,15:00:00.500,345.86
2013,01,22,SHFE,AU,AU1310,255401,0.0,12.0,15:00:00.500,345.68
2013,01,22,SHFE,AU,AU1311,298204,0.0,16.0,15:00:00.500,346.44
2013,01,22,SHFE,AU,AU1312,279415,242.0,1830.0,15:00:00.500,347.2
2013,01,22,SHFE,AU,AU1401,260101,0.0,0.0,15:00:00.500,343.02
2013,01,23,SHFE,AU,AU1302,104938,14.0,172.0,15:00:00.500,339.54
2013,01,23,SHFE,AU,AU1303,221213,24.0,280.0,14:59:57.500,340.22
2013,01,23,SHFE,AU,AU1304,229985,20.0,204.0,15:00:00.500,342.62
2013,01,23,SHFE,AU,AU1305,179633,24.0,300.0,15:00:00.500,343.5
2013,01,23,SHFE,AU,AU1306,622640,20290.0,116992.0,15:00:00.500,344.81
2013,01,23,SHFE,AU,AU1307,230249,0.0,100.0,14:59:58.500,345.35
2013,01,23,SHFE,AU,AU1308,262154,0.0,104.0,15:00:00.500,345.83
2013,01,23,SHFE,AU,AU1309,205476,0.0,140.0,15:00:00.500,345.86
2013,01,23,SHFE,AU,AU1310,233964,2.0,12.0,14:59:55.0,346.91
2013,01,23,SHFE,AU,AU1311,231057,0.0,16.0,14:59:58.0,346.54
2013,01,23,SHFE,AU,AU1312,210528,100.0,1882.0,15:00:00.500,346.37
2013,01,23,SHFE,AU,AU1401,240568,0.0,0.0,15:00:00.500,343.02
2013,01,24,SHFE,AU,AU1302,163248,22.0,184.0,15:00:00.500,336.11
2013,01,24,SHFE,AU,AU1303,222521,4.0,280.0,15:00:00.500,338.0
2013,01,24,SHFE,AU,AU1304,239500,0.0,204.0,15:00:00.500,342.62
2013,01,24,SHFE,AU,AU1305,180423,10.0,296.0,15:00:00.500,340.25
2013,01,24,SHFE,AU,AU1306,791948,38244.0,117842.0,15:00:00.500,341.73
2013,01,24,SHFE,AU,AU1307,430962,0.0,100.0,14:59:57.500,345.46
2013,01,24,SHFE,AU,AU1308,236770,2.0,104.0,15:00:00.500,343.5
2013,01,24,SHFE,AU,AU1309,226385,6.0,140.0,15:00:00.500,343.0
2013,01,24,SHFE,AU,AU1310,294280,0.0,12.0,14:59:54.0,346.91
2013,01,24,SHFE,AU,AU1311,332985,0.0,16.0,14:59:56.0,347.77
2013,01,24,SHFE,AU,AU1312,213381,116.0,1876.0,15:00:00.500,343.54
2013,01,24,SHFE,AU,AU1401,311188,0.0,0.0,14:59:54.0,343.02
2013,01,25,SHFE,AU,AU1302,162279,28.0,186.0,15:00:00.500,335.02
2013,01,25,SHFE,AU,AU1303,188995,16.0,286.0,15:00:00.500,335.78
2013,01,25,SHFE,AU,AU1304,174609,0.0,204.0,15:00:00.500,340.31
2013,01,25,SHFE,AU,AU1305,236528,58.0,296.0,15:00:00.500,338.4
2013,01,25,SHFE,AU,AU1306,771832,28120.0,118380.0,15:00:00.500,340.1
2013,01,25,SHFE,AU,AU1307,200126,4.0,100.0,14:59:58.0,339.81
2013,01,25,SHFE,AU,AU1308,272707,2.0,104.0,15:00:00.500,342.09
2013,01,25,SHFE,AU,AU1309,235873,4.0,138.0,15:00:00.500,341.65
2013,01,25,SHFE,AU,AU1310,217878,0.0,12.0,14:59:58.500,344.14
2013,01,25,SHFE,AU,AU1311,262043,0.0,16.0,14:59:58.500,344.99
2013,01,25,SHFE,AU,AU1312,234922,178.0,1976.0,15:00:00.500,341.98
2013,01,25,SHFE,AU,AU1401,225752,0.0,0.0,15:00:00.500,340.57
2013,01,28,SHFE,AU,AU1302,93699,8.0,182.0,15:00:00.500,334.24
2013,01,28,SHFE,AU,AU1303,97987,28.0,288.0,15:00:00.500,334.31
2013,01,28,SHFE,AU,AU1304,142639,0.0,204.0,15:00:00.500,338.81
2013,01,28,SHFE,AU,AU1305,244660,10.0,296.0,15:00:00.500,336.45
2013,01,28,SHFE,AU,AU1306,721856,27998.0,119350.0,15:00:00.500,338.47
2013,01,28,SHFE,AU,AU1307,113097,0.0,100.0,14:59:58.0,339.81
2013,01,28,SHFE,AU,AU1308,266930,18.0,102.0,15:00:00.500,340.57
2013,01,28,SHFE,AU,AU1309,229020,4.0,142.0,15:00:00.500,340.07
2013,01,28,SHFE,AU,AU1310,212742,0.0,12.0,14:59:59.500,342.39
2013,01,28,SHFE,AU,AU1311,188984,0.0,16.0,14:59:58.500,343.24
2013,01,28,SHFE,AU,AU1312,247508,78.0,1986.0,15:00:00.500,340.2
2013,01,28,SHFE,AU,AU1401,221375,20.0,10.0,14:59:58.0,339.61
2013,01,29,SHFE,AU,AU1302,114719,4.0,178.0,15:00:00.500,334.22
2013,01,29,SHFE,AU,AU1303,185229,16.0,290.0,15:00:00.500,336.0
2013,01,29,SHFE,AU,AU1304,184457,2.0,204.0,15:00:00.500,336.38
2013,01,29,SHFE,AU,AU1305,249308,12.0,294.0,15:00:00.500,336.5
2013,01,29,SHFE,AU,AU1306,751318,27830.0,123574.0,15:00:00.500,339.07
2013,01,29,SHFE,AU,AU1307,126851,0.0,100.0,14:59:57.500,339.23
2013,01,29,SHFE,AU,AU1308,326282,8.0,102.0,15:00:00.500,341.33
2013,01,29,SHFE,AU,AU1309,242438,46.0,178.0,15:00:00.500,340.41
2013,01,29,SHFE,AU,AU1310,248583,0.0,12.0,14:59:58.0,341.08
2013,01,29,SHFE,AU,AU1311,265750,2.0,14.0,14:59:58.0,340.74
2013,01,29,SHFE,AU,AU1312,253752,104.0,1976.0,15:00:00.500,340.8
2013,01,29,SHFE,AU,AU1401,339753,0.0,10.0,14:59:57.500,339.61
2013,01,30,SHFE,AU,AU1302,71036,8.0,170.0,15:00:00.500,335.26
2013,01,30,SHFE,AU,AU1303,157214,38.0,276.0,15:00:00.500,337.0
2013,01,30,SHFE,AU,AU1304,181039,4.0,206.0,15:00:00.500,337.63
2013,01,30,SHFE,AU,AU1305,246767,8.0,294.0,15:00:00.500,337.97
2013,01,30,SHFE,AU,AU1306,670517,22760.0,122040.0,15:00:00.500,339.5
2013,01,30,SHFE,AU,AU1307,142910,10.0,96.0,14:59:58.0,340.22
2013,01,30,SHFE,AU,AU1308,330320,4.0,102.0,15:00:00.500,340.2
2013,01,30,SHFE,AU,AU1309,184646,6.0,178.0,15:00:00.500,341.24
2013,01,30,SHFE,AU,AU1310,171140,0.0,12.0,15:00:00.500,341.11
2013,01,30,SHFE,AU,AU1311,310020,0.0,14.0,14:59:58.0,340.74
2013,01,30,SHFE,AU,AU1312,218563,190.0,2044.0,15:00:00.500,341.25
2013,01,30,SHFE,AU,AU1401,280363,6.0,8.0,14:59:58.0,340.69
2013,01,31,SHFE,AU,AU1302,35341,22.0,156.0,15:00:00.500,336.5
2013,01,31,SHFE,AU,AU1303,118455,6.0,276.0,15:00:00.500,339.0
2013,01,31,SHFE,AU,AU1304,162433,0.0,206.0,15:00:00.500,337.63
2013,01,31,SHFE,AU,AU1305,216315,0.0,294.0,15:00:00.500,337.97
2013,01,31,SHFE,AU,AU1306,638524,25778.0,119608.0,15:00:00.500,341.3
2013,01,31,SHFE,AU,AU1307,134783,0.0,96.0,14:59:58.0,340.22
2013,01,31,SHFE,AU,AU1308,310377,0.0,102.0,15:00:00.500,340.2
2013,01,31,SHFE,AU,AU1309,198095,24.0,190.0,15:00:00.500,343.6
2013,01,31,SHFE,AU,AU1310,123682,0.0,12.0,14:59:58.0,342.37
2013,01,31,SHFE,AU,AU1311,293786,0.0,14.0,14:59:58.0,341.99
2013,01,31,SHFE,AU,AU1312,208967,220.0,2172.0,15:00:00.500,342.92
2013,01,31,SHFE,AU,AU1401,298875,0.0,8.0,14:59:58.0,340.69
2013,01,04,SHFE,CU,CU1301,235198,8820.0,23750.0,15:00:00.500,57730.0
2013,01,04,SHFE,CU,CU1302,414390,15976.0,50944.0,15:00:00.500,57900.0
2013,01,04,SHFE,CU,CU1303,725278,34450.0,98980.0,15:00:00.500,58210.0
2013,01,04,SHFE,CU,CU1304,1313480,176256.0,151252.0,15:00:00.500,58360.0
2013,01,04,SHFE,CU,CU1305,754449,24680.0,43684.0,15:00:00.500,58450.0
2013,01,04,SHFE,CU,CU1306,334067,1842.0,9896.0,15:00:00.500,58530.0
2013,01,04,SHFE,CU,CU1307,244880,170.0,2128.0,15:00:00.500,58660.0
2013,01,04,SHFE,CU,CU1308,195189,180.0,1210.0,15:00:00.500,58620.0
2013,01,04,SHFE,CU,CU1309,200316,40.0,928.0,15:00:00.500,58770.0
2013,01,04,SHFE,CU,CU1310,211166,48.0,1296.0,15:00:00.500,58820.0
2013,01,04,SHFE,CU,CU1311,182738,114.0,602.0,15:00:00.500,58970.0
2013,01,04,SHFE,CU,CU1312,201674,54.0,238.0,15:00:00.500,59030.0
2013,01,07,SHFE,CU,CU1301,170130,7250.0,23220.0,15:00:00.500,57630.0
2013,01,07,SHFE,CU,CU1302,369488,7476.0,51094.0,15:00:00.500,57900.0
2013,01,07,SHFE,CU,CU1303,718605,28086.0,96638.0,15:00:00.500,58090.0
2013,01,07,SHFE,CU,CU1304,1337133,157236.0,156320.0,15:00:00.500,58220.0
2013,01,07,SHFE,CU,CU1305,757935,20268.0,47210.0,15:00:00.500,58360.0
2013,01,07,SHFE,CU,CU1306,319228,2334.0,10352.0,15:00:00.500,58500.0
2013,01,07,SHFE,CU,CU1307,261206,428.0,2248.0,15:00:00.500,58400.0
2013,01,07,SHFE,CU,CU1308,177421,348.0,1200.0,15:00:00.500,58590.0
2013,01,07,SHFE,CU,CU1309,152735,54.0,930.0,15:00:00.500,58500.0
2013,01,07,SHFE,CU,CU1310,174051,42.0,1308.0,15:00:00.500,58590.0
2013,01,07,SHFE,CU,CU1311,138982,26.0,612.0,15:00:00.500,58950.0
2013,01,07,SHFE,CU,CU1312,172167,36.0,254.0,15:00:00.500,58750.0
2013,01,08,SHFE,CU,CU1301,124443,5290.0,21960.0,15:00:00.500,57660.0
2013,01,08,SHFE,CU,CU1302,385169,8616.0,52026.0,15:00:00.500,57920.0
2013,01,08,SHFE,CU,CU1303,682333,23166.0,94704.0,15:00:00.500,58140.0
2013,01,08,SHFE,CU,CU1304,1379744,173288.0,157780.0,15:00:00.500,58300.0
2013,01,08,SHFE,CU,CU1305,787951,21426.0,50340.0,15:00:00.500,58420.0
2013,01,08,SHFE,CU,CU1306,317951,1582.0,10802.0,15:00:00.500,58570.0
2013,01,08,SHFE,CU,CU1307,221195,136.0,2294.0,15:00:00.500,58680.0
2013,01,08,SHFE,CU,CU1308,184128,86.0,1220.0,15:00:00.500,58780.0
2013,01,08,SHFE,CU,CU1309,144798,34.0,928.0,15:00:00.500,58710.0
2013,01,08,SHFE,CU,CU1310,187166,114.0,1306.0,15:00:00.500,58840.0
2013,01,08,SHFE,CU,CU1311,182642,22.0,628.0,15:00:00.500,58990.0
2013,01,08,SHFE,CU,CU1312,173759,58.0,282.0,15:00:00.500,59030.0
2013,01,09,SHFE,CU,CU1301,123271,3470.0,20580.0,15:00:00.500,57690.0
2013,01,09,SHFE,CU,CU1302,282095,6490.0,53714.0,15:00:00.500,57900.0
2013,01,09,SHFE,CU,CU1303,519215,12818.0,94976.0,15:00:00.500,58160.0
2013,01,09,SHFE,CU,CU1304,1157095,106456.0,156868.0,15:00:00.500,58340.0
2013,01,09,SHFE,CU,CU1305,634672,13464.0,51790.0,15:00:00.500,58440.0
2013,01,09,SHFE,CU,CU1306,210218,726.0,10918.0,15:00:00.500,58550.0
2013,01,09,SHFE,CU,CU1307,156288,54.0,2298.0,15:00:00.500,58600.0
2013,01,09,SHFE,CU,CU1308,112623,52.0,1224.0,15:00:00.500,58740.0
2013,01,09,SHFE,CU,CU1309,106995,16.0,924.0,15:00:00.500,58800.0
2013,01,09,SHFE,CU,CU1310,136380,26.0,1302.0,15:00:00.500,58800.0
2013,01,09,SHFE,CU,CU1311,177401,4.0,626.0,15:00:00.500,58860.0
2013,01,09,SHFE,CU,CU1312,131485,94.0,320.0,15:00:00.500,58940.0
2013,01,10,SHFE,CU,CU1301,126249,6760.0,17890.0,15:00:00.500,58000.0
2013,01,10,SHFE,CU,CU1302,370783,10050.0,54662.0,15:00:00.500,58310.0
2013,01,10,SHFE,CU,CU1303,564824,24372.0,92516.0,15:00:00.500,58540.0
2013,01,10,SHFE,CU,CU1304,1405238,196634.0,178408.0,15:00:00.500,58780.0
2013,01,10,SHFE,CU,CU1305,881809,39918.0,59976.0,15:00:00.500,58880.0
2013,01,10,SHFE,CU,CU1306,278768,1898.0,11528.0,15:00:00.500,59000.0
2013,01,10,SHFE,CU,CU1307,184575,98.0,2320.0,15:00:00.500,59100.0
2013,01,10,SHFE,CU,CU1308,142402,52.0,1234.0,15:00:00.500,59200.0
2013,01,10,SHFE,CU,CU1309,118679,30.0,922.0,15:00:00.500,59330.0
2013,01,10,SHFE,CU,CU1310,143709,58.0,1312.0,15:00:00.500,59370.0
2013,01,10,SHFE,CU,CU1311,215517,14.0,628.0,15:00:00.500,59150.0
2013,01,10,SHFE,CU,CU1312,185627,84.0,372.0,15:00:00.500,59500.0
2013,01,11,SHFE,CU,CU1301,58148,5830.0,14850.0,15:00:00.500,57800.0
2013,01,11,SHFE,CU,CU1302,443318,15112.0,53740.0,15:00:00.500,58060.0
2013,01,11,SHFE,CU,CU1303,655669,25324.0,86878.0,15:00:00.500,58250.0
2013,01,11,SHFE,CU,CU1304,1523444,200560.0,167190.0,15:00:00.500,58440.0
2013,01,11,SHFE,CU,CU1305,1043295,51556.0,67818.0,15:00:00.500,58510.0
2013,01,11,SHFE,CU,CU1306,463020,3150.0,12022.0,15:00:00.500,58600.0
2013,01,11,SHFE,CU,CU1307,236548,190.0,2356.0,15:00:00.500,58840.0
2013,01,11,SHFE,CU,CU1308,179492,32.0,1234.0,15:00:00.500,58890.0
2013,01,11,SHFE,CU,CU1309,128131,12.0,922.0,15:00:00.500,58950.0
2013,01,11,SHFE,CU,CU1310,132729,22.0,1314.0,15:00:00.500,59060.0
2013,01,11,SHFE,CU,CU1311,175789,8.0,628.0,15:00:00.500,59250.0
2013,01,11,SHFE,CU,CU1312,179394,34.0,380.0,15:00:00.500,59210.0
2013,01,14,SHFE,CU,CU1301,59198,7030.0,10820.0,15:00:00.500,57750.0
2013,01,14,SHFE,CU,CU1302,343042,14702.0,55168.0,15:00:00.500,58100.0
2013,01,14,SHFE,CU,CU1303,527183,20604.0,84596.0,15:00:00.500,58320.0
2013,01,14,SHFE,CU,CU1304,1289984,148282.0,164936.0,15:00:00.500,58520.0
2013,01,14,SHFE,CU,CU1305,890582,41820.0,71692.0,15:00:00.500,58660.0
2013,01,14,SHFE,CU,CU1306,296388,1712.0,12340.0,15:00:00.500,58750.0
2013,01,14,SHFE,CU,CU1307,207610,274.0,2442.0,15:00:00.500,58950.0
2013,01,14,SHFE,CU,CU1308,171398,66.0,1234.0,15:00:00.500,59060.0
2013,01,14,SHFE,CU,CU1309,167517,34.0,918.0,15:00:00.500,59060.0
2013,01,14,SHFE,CU,CU1310,197161,20.0,1314.0,15:00:00.500,59120.0
2013,01,14,SHFE,CU,CU1311,175777,2.0,628.0,15:00:00.500,59130.0
2013,01,14,SHFE,CU,CU1312,190985,16.0,380.0,15:00:00.500,59410.0
2013,01,15,SHFE,CU,CU1301,67188,5100.0,8690.0,15:00:00.500,57150.0
2013,01,15,SHFE,CU,CU1302,342679,15998.0,57018.0,15:00:00.500,57400.0
2013,01,15,SHFE,CU,CU1303,511374,24378.0,84556.0,15:00:00.500,57580.0
2013,01,15,SHFE,CU,CU1304,1368125,192938.0,173152.0,15:00:00.500,57700.0
2013,01,15,SHFE,CU,CU1305,967964,56256.0,78132.0,15:00:00.500,57810.0
2013,01,15,SHFE,CU,CU1306,423890,3972.0,13232.0,15:00:00.500,57950.0
2013,01,15,SHFE,CU,CU1307,214054,166.0,2482.0,15:00:00.500,58090.0
2013,01,15,SHFE,CU,CU1308,190168,124.0,1274.0,15:00:00.500,58160.0
2013,01,15,SHFE,CU,CU1309,173531,66.0,930.0,15:00:00.500,58450.0
2013,01,15,SHFE,CU,CU1310,145067,16.0,1312.0,15:00:00.500,58620.0
2013,01,15,SHFE,CU,CU1311,158094,32.0,626.0,15:00:00.500,58520.0
2013,01,15,SHFE,CU,CU1312,141744,30.0,396.0,15:00:00.500,58740.0
2013,01,16,SHFE,CU,CU1302,344373,17638.0,53274.0,15:00:00.500,57650.0
2013,01,16,SHFE,CU,CU1303,515268,13198.0,84486.0,15:00:00.500,57830.0
2013,01,16,SHFE,CU,CU1304,1340875,161464.0,161882.0,15:00:00.500,57940.0
2013,01,16,SHFE,CU,CU1305,1013057,57836.0,82728.0,15:00:00.500,58040.0
2013,01,16,SHFE,CU,CU1306,425377,2988.0,13412.0,15:00:00.500,58150.0
2013,01,16,SHFE,CU,CU1307,272260,580.0,2502.0,15:00:00.500,58340.0
2013,01,16,SHFE,CU,CU1308,165506,128.0,1306.0,15:00:00.500,58480.0
2013,01,16,SHFE,CU,CU1309,164999,106.0,976.0,15:00:00.500,58610.0
2013,01,16,SHFE,CU,CU1310,160786,22.0,1318.0,15:00:00.500,58680.0
2013,01,16,SHFE,CU,CU1311,136190,26.0,614.0,15:00:00.500,58770.0
2013,01,16,SHFE,CU,CU1312,131334,12.0,388.0,15:00:00.500,58820.0
2013,01,16,SHFE,CU,CU1401,264869,2.0,2.0,15:00:00.500,59000.0
2013,01,17,SHFE,CU,CU1302,322859,16292.0,48714.0,15:00:00.500,57420.0
2013,01,17,SHFE,CU,CU1303,423532,11828.0,83740.0,15:00:00.500,57620.0
2013,01,17,SHFE,CU,CU1304,1244138,129554.0,162000.0,15:00:00.500,57740.0
2013,01,17,SHFE,CU,CU1305,976072,61804.0,89004.0,15:00:00.500,57850.0
2013,01,17,SHFE,CU,CU1306,394989,3252.0,14244.0,15:00:00.500,57910.0
2013,01,17,SHFE,CU,CU1307,187441,362.0,2544.0,15:00:00.500,57970.0
2013,01,17,SHFE,CU,CU1308,170485,110.0,1320.0,15:00:00.500,58160.0
2013,01,17,SHFE,CU,CU1309,120686,42.0,980.0,15:00:00.500,58250.0
2013,01,17,SHFE,CU,CU1310,118023,32.0,1316.0,15:00:00.500,58380.0
2013,01,17,SHFE,CU,CU1311,109377,12.0,602.0,15:00:00.500,58410.0
2013,01,17,SHFE,CU,CU1312,110727,6.0,390.0,15:00:00.500,58510.0
2013,01,17,SHFE,CU,CU1401,162855,0.0,2.0,15:00:00.500,59000.0
2013,01,18,SHFE,CU,CU1302,367907,15508.0,45674.0,15:00:00.500,57950.0
2013,01,18,SHFE,CU,CU1303,432398,17352.0,80514.0,15:00:00.500,58150.0
2013,01,18,SHFE,CU,CU1304,1202369,128444.0,155870.0,15:00:00.500,58380.0
2013,01,18,SHFE,CU,CU1305,1050304,80094.0,102148.0,15:00:00.500,58590.0
2013,01,18,SHFE,CU,CU1306,404527,4550.0,14930.0,15:00:00.500,58720.0
2013,01,18,SHFE,CU,CU1307,253025,532.0,2818.0,15:00:00.500,58890.0
2013,01,18,SHFE,CU,CU1308,212799,674.0,1706.0,15:00:00.500,58980.0
2013,01,18,SHFE,CU,CU1309,143021,60.0,978.0,15:00:00.500,59130.0
2013,01,18,SHFE,CU,CU1310,157414,22.0,1316.0,15:00:00.500,59150.0
2013,01,18,SHFE,CU,CU1311,110022,28.0,602.0,15:00:00.500,59200.0
2013,01,18,SHFE,CU,CU1312,199220,34.0,388.0,15:00:00.500,59270.0
2013,01,18,SHFE,CU,CU1401,151686,0.0,2.0,15:00:00.500,58720.0
2013,01,21,SHFE,CU,CU1302,257157,6894.0,44944.0,15:00:00.500,57840.0
2013,01,21,SHFE,CU,CU1303,313801,9794.0,78682.0,15:00:00.500,58000.0
2013,01,21,SHFE,CU,CU1304,875900,56068.0,151780.0,15:00:00.500,58190.0
2013,01,21,SHFE,CU,CU1305,912778,53734.0,105504.0,15:00:00.500,58380.0
2013,01,21,SHFE,CU,CU1306,314390,2928.0,16206.0,15:00:00.500,58540.0
2013,01,21,SHFE,CU,CU1307,159965,464.0,2984.0,15:00:00.500,58640.0
2013,01,21,SHFE,CU,CU1308,133664,156.0,1738.0,15:00:00.500,58760.0
2013,01,21,SHFE,CU,CU1309,60883,16.0,978.0,15:00:00.500,58870.0
2013,01,21,SHFE,CU,CU1310,88882,36.0,1352.0,15:00:00.500,59000.0
2013,01,21,SHFE,CU,CU1311,67063,44.0,628.0,15:00:00.500,59060.0
2013,01,21,SHFE,CU,CU1312,91173,40.0,412.0,15:00:00.500,59180.0
2013,01,21,SHFE,CU,CU1401,77758,0.0,2.0,15:00:00.500,59150.0
2013,01,22,SHFE,CU,CU1302,351879,14078.0,41578.0,15:00:00.500,58290.0
2013,01,22,SHFE,CU,CU1303,453521,17170.0,72716.0,15:00:00.500,58480.0
2013,01,22,SHFE,CU,CU1304,1147831,96422.0,143774.0,15:00:00.500,58690.0
2013,01,22,SHFE,CU,CU1305,1318143,155144.0,141004.0,15:00:00.500,58910.0
2013,01,22,SHFE,CU,CU1306,461843,6088.0,18268.0,15:00:00.500,59050.0
2013,01,22,SHFE,CU,CU1307,299280,506.0,3236.0,15:00:00.500,59150.0
2013,01,22,SHFE,CU,CU1308,192891,62.0,1744.0,15:00:00.500,59360.0
2013,01,22,SHFE,CU,CU1309,135004,54.0,994.0,15:00:00.500,59400.0
2013,01,22,SHFE,CU,CU1310,144983,22.0,1356.0,15:00:00.500,59500.0
2013,01,22,SHFE,CU,CU1311,115871,14.0,634.0,15:00:00.500,59620.0
2013,01,22,SHFE,CU,CU1312,141534,38.0,418.0,15:00:00.500,59640.0
2013,01,22,SHFE,CU,CU1401,142230,2.0,4.0,15:00:00.500,59560.0
2013,01,23,SHFE,CU,CU1302,254287,8342.0,40334.0,15:00:00.500,58170.0
2013,01,23,SHFE,CU,CU1303,303298,7720.0,72374.0,15:00:00.500,58400.0
2013,01,23,SHFE,CU,CU1304,807966,43190.0,136708.0,15:00:00.500,58590.0
2013,01,23,SHFE,CU,CU1305,1157615,103966.0,133900.0,15:00:00.500,58810.0
2013,01,23,SHFE,CU,CU1306,343528,3880.0,19170.0,15:00:00.500,58920.0
2013,01,23,SHFE,CU,CU1307,204426,508.0,3290.0,15:00:00.500,59050.0
2013,01,23,SHFE,CU,CU1308,122942,118.0,1748.0,15:00:00.500,59180.0
2013,01,23,SHFE,CU,CU1309,108558,140.0,1002.0,15:00:00.500,59350.0
2013,01,23,SHFE,CU,CU1310,96001,54.0,1366.0,15:00:00.500,59400.0
2013,01,23,SHFE,CU,CU1311,69564,48.0,642.0,15:00:00.500,59470.0
2013,01,23,SHFE,CU,CU1312,97581,16.0,424.0,15:00:00.500,59580.0
2013,01,23,SHFE,CU,CU1401,88540,66.0,40.0,15:00:00.500,59600.0
2013,01,24,SHFE,CU,CU1302,393128,11474.0,38704.0,15:00:00.500,58100.0
2013,01,24,SHFE,CU,CU1303,447007,10632.0,70682.0,15:00:00.500,58290.0
2013,01,24,SHFE,CU,CU1304,928385,44846.0,131612.0,15:00:00.500,58430.0
2013,01,24,SHFE,CU,CU1305,1357380,155472.0,137332.0,15:00:00.500,58630.0
2013,01,24,SHFE,CU,CU1306,491107,5796.0,20430.0,15:00:00.500,58700.0
2013,01,24,SHFE,CU,CU1307,278817,218.0,3300.0,15:00:00.500,58880.0
2013,01,24,SHFE,CU,CU1308,236329,86.0,1768.0,15:00:00.500,58950.0
2013,01,24,SHFE,CU,CU1309,149462,48.0,1008.0,15:00:00.500,59100.0
2013,01,24,SHFE,CU,CU1310,113615,128.0,1378.0,15:00:00.500,59230.0
2013,01,24,SHFE,CU,CU1311,108548,24.0,644.0,15:00:00.500,59300.0
2013,01,24,SHFE,CU,CU1312,132481,40.0,426.0,15:00:00.500,59430.0
2013,01,24,SHFE,CU,CU1401,102154,0.0,40.0,15:00:00.500,59600.0
2013,01,25,SHFE,CU,CU1302,263274,9344.0,37656.0,15:00:00.500,58260.0
2013,01,25,SHFE,CU,CU1303,292367,7540.0,68450.0,15:00:00.500,58470.0
2013,01,25,SHFE,CU,CU1304,719111,27422.0,128036.0,15:00:00.500,58640.0
2013,01,25,SHFE,CU,CU1305,1271260,140794.0,154610.0,15:00:00.500,58830.0
2013,01,25,SHFE,CU,CU1306,426472,6588.0,22410.0,15:00:00.500,58970.0
2013,01,25,SHFE,CU,CU1307,206438,328.0,3372.0,15:00:00.500,59080.0
2013,01,25,SHFE,CU,CU1308,171344,114.0,1768.0,15:00:00.500,59220.0
2013,01,25,SHFE,CU,CU1309,99980,40.0,1018.0,15:00:00.500,59280.0
2013,01,25,SHFE,CU,CU1310,101710,36.0,1384.0,15:00:00.500,59370.0
2013,01,25,SHFE,CU,CU1311,85327,14.0,646.0,15:00:00.500,59560.0
2013,01,25,SHFE,CU,CU1312,123197,20.0,428.0,15:00:00.500,59650.0
2013,01,25,SHFE,CU,CU1401,77561,30.0,54.0,15:00:00.500,59750.0
2013,01,28,SHFE,CU,CU1302,251928,9380.0,35682.0,15:00:00.500,58130.0
2013,01,28,SHFE,CU,CU1303,265924,8264.0,68014.0,15:00:00.500,58290.0
2013,01,28,SHFE,CU,CU1304,585140,20976.0,125022.0,15:00:00.500,58450.0
2013,01,28,SHFE,CU,CU1305,1148663,107056.0,158134.0,15:00:00.500,58620.0
2013,01,28,SHFE,CU,CU1306,403003,7318.0,25130.0,15:00:00.500,58730.0
2013,01,28,SHFE,CU,CU1307,171650,162.0,3378.0,15:00:00.500,58890.0
2013,01,28,SHFE,CU,CU1308,97396,94.0,1802.0,15:00:00.500,58970.0
2013,01,28,SHFE,CU,CU1309,81087,28.0,1012.0,15:00:00.500,59140.0
2013,01,28,SHFE,CU,CU1310,66691,22.0,1374.0,15:00:00.500,59250.0
2013,01,28,SHFE,CU,CU1311,79559,12.0,642.0,15:00:00.500,59320.0
2013,01,28,SHFE,CU,CU1312,76751,8.0,426.0,15:00:00.500,59430.0
2013,01,28,SHFE,CU,CU1401,76506,102.0,122.0,15:00:00.500,59500.0
2013,01,29,SHFE,CU,CU1302,313541,14068.0,32850.0,15:00:00.500,58330.0
2013,01,29,SHFE,CU,CU1303,374693,14956.0,66420.0,15:00:00.500,58490.0
2013,01,29,SHFE,CU,CU1304,752083,31476.0,123222.0,15:00:00.500,58610.0
2013,01,29,SHFE,CU,CU1305,1391380,188414.0,172710.0,15:00:00.500,58850.0
2013,01,29,SHFE,CU,CU1306,569275,12998.0,29794.0,15:00:00.500,58930.0
2013,01,29,SHFE,CU,CU1307,247903,604.0,3644.0,15:00:00.500,59110.0
2013,01,29,SHFE,CU,CU1308,155257,102.0,1812.0,15:00:00.500,59200.0
2013,01,29,SHFE,CU,CU1309,108135,80.0,1034.0,15:00:00.500,59340.0
2013,01,29,SHFE,CU,CU1310,116882,28.0,1370.0,15:00:00.500,59440.0
2013,01,29,SHFE,CU,CU1311,108139,26.0,646.0,15:00:00.500,59500.0
2013,01,29,SHFE,CU,CU1312,139809,16.0,422.0,15:00:00.500,59610.0
2013,01,29,SHFE,CU,CU1401,158203,32.0,140.0,15:00:00.500,59720.0
2013,01,30,SHFE,CU,CU1302,302939,16276.0,27490.0,15:00:00.500,58620.0
2013,01,30,SHFE,CU,CU1303,375286,22690.0,63432.0,15:00:00.500,58850.0
2013,01,30,SHFE,CU,CU1304,645003,31448.0,118774.0,15:00:00.500,59050.0
2013,01,30,SHFE,CU,CU1305,1323854,196852.0,197340.0,15:00:00.500,59260.0
2013,01,30,SHFE,CU,CU1306,486114,12320.0,32482.0,15:00:00.500,59360.0
2013,01,30,SHFE,CU,CU1307,246714,514.0,3858.0,15:00:00.500,59480.0
2013,01,30,SHFE,CU,CU1308,214821,492.0,1956.0,15:00:00.500,59600.0
2013,01,30,SHFE,CU,CU1309,193325,220.0,1116.0,15:00:00.500,59680.0
2013,01,30,SHFE,CU,CU1310,114820,12.0,1360.0,15:00:00.500,59880.0
2013,01,30,SHFE,CU,CU1311,69432,10.0,646.0,15:00:00.500,59900.0
2013,01,30,SHFE,CU,CU1312,145440,52.0,440.0,15:00:00.500,59950.0
2013,01,30,SHFE,CU,CU1401,100453,44.0,144.0,15:00:00.500,60090.0
2013,01,31,SHFE,CU,CU1302,252290,11224.0,24170.0,15:00:00.500,58850.0
2013,01,31,SHFE,CU,CU1303,340295,14194.0,61654.0,15:00:00.500,59230.0
2013,01,31,SHFE,CU,CU1304,611911,27032.0,114912.0,15:00:00.500,59450.0
2013,01,31,SHFE,CU,CU1305,1317780,170712.0,196988.0,15:00:00.500,59690.0
2013,01,31,SHFE,CU,CU1306,520153,13144.0,33316.0,15:00:00.500,59810.0
2013,01,31,SHFE,CU,CU1307,211230,412.0,3954.0,15:00:00.500,59880.0
2013,01,31,SHFE,CU,CU1308,196296,872.0,2382.0,15:00:00.500,60000.0
2013,01,31,SHFE,CU,CU1309,167964,102.0,1088.0,15:00:00.500,60090.0
2013,01,31,SHFE,CU,CU1310,111582,170.0,1450.0,15:00:00.500,60200.0
2013,01,31,SHFE,CU,CU1311,82693,42.0,652.0,15:00:00.500,60200.0
2013,01,31,SHFE,CU,CU1312,106463,76.0,458.0,15:00:00.500,60300.0
2013,01,31,SHFE,CU,CU1401,116368,16.0,148.0,15:00:00.500,60350.0
2013,01,04,SHFE,FU,FU1303,47451,0.0,6.0,15:00:00.500,5015.0
2013,01,04,SHFE,FU,FU1304,208407,0.0,2.0,15:00:00.500,5050.0
2013,01,04,SHFE,FU,FU1305,19399,6.0,46.0,15:00:00.500,5041.0
2013,01,04,SHFE,FU,FU1306,180795,0.0,0.0,15:00:00.500,4879.0
2013,01,04,SHFE,FU,FU1307,293309,0.0,0.0,15:00:00.500,4879.0
2013,01,04,SHFE,FU,FU1308,3685,0.0,0.0,15:00:00.500,5000.0
2013,01,04,SHFE,FU,FU1309,2740,0.0,0.0,15:00:00.500,5010.0
2013,01,04,SHFE,FU,FU1310,87,0,0,0,0
2013,01,04,SHFE,FU,FU1311,385,0.0,0.0,10:30:00.500,4968.0
2013,01,04,SHFE,FU,FU1312,544,0.0,0.0,14:27:32.0,4968.0
2013,01,07,SHFE,FU,FU1303,32278,0.0,6.0,15:00:00.500,5015.0
2013,01,07,SHFE,FU,FU1304,251621,0.0,2.0,15:00:00.500,5050.0
2013,01,07,SHFE,FU,FU1305,58476,34.0,44.0,15:00:00.500,5089.0
2013,01,07,SHFE,FU,FU1306,348387,0.0,0.0,15:00:00.500,4875.0
2013,01,07,SHFE,FU,FU1307,323858,0.0,0.0,15:00:00.500,4875.0
2013,01,07,SHFE,FU,FU1308,4504,0.0,0.0,10:32:08.500,5006.0
2013,01,07,SHFE,FU,FU1309,23112,0.0,0.0,15:00:00.500,5006.0
2013,01,07,SHFE,FU,FU1310,87,0,0,0,0
2013,01,07,SHFE,FU,FU1311,87,0,0,0,0
2013,01,07,SHFE,FU,FU1312,619,0.0,0.0,13:30:01.0,4964.0
2013,01,08,SHFE,FU,FU1303,42874,4.0,6.0,15:00:00.500,5150.0
2013,01,08,SHFE,FU,FU1304,209786,0.0,2.0,15:00:00.500,5050.0
2013,01,08,SHFE,FU,FU1305,61119,6.0,44.0,15:00:00.500,5133.0
2013,01,08,SHFE,FU,FU1306,263111,0.0,0.0,15:00:00.500,4961.0
2013,01,08,SHFE,FU,FU1307,246125,0.0,0.0,15:00:00.500,4961.0
2013,01,08,SHFE,FU,FU1308,87,0,0,0,0
2013,01,08,SHFE,FU,FU1309,2033,0.0,0.0,15:00:00.500,5094.0
2013,01,08,SHFE,FU,FU1310,87,0,0,0,0
2013,01,08,SHFE,FU,FU1311,265,0.0,0.0,14:01:24.500,5052.0
2013,01,08,SHFE,FU,FU1312,915,0.0,0.0,14:22:29.0,5052.0
2013,01,09,SHFE,FU,FU1303,5465,0.0,6.0,15:00:00.500,5150.0
2013,01,09,SHFE,FU,FU1304,127457,0.0,2.0,15:00:00.500,5050.0
2013,01,09,SHFE,FU,FU1305,26599,0.0,44.0,15:00:00.500,5133.0
2013,01,09,SHFE,FU,FU1306,227818,0.0,0.0,15:00:00.500,4961.0
2013,01,09,SHFE,FU,FU1307,191825,0.0,0.0,15:00:00.500,4961.0
2013,01,09,SHFE,FU,FU1308,137310,0.0,0.0,14:59:14.0,5071.0
2013,01,09,SHFE,FU,FU1309,2416,0.0,0.0,15:00:00.500,5094.0
2013,01,09,SHFE,FU,FU1310,87,0,0,0,0
2013,01,09,SHFE,FU,FU1311,87,0,0,0,0
2013,01,09,SHFE,FU,FU1312,503,0.0,0.0,13:30:00.500,5029.0
2013,01,10,SHFE,FU,FU1303,4023,0.0,6.0,15:00:00.500,5150.0
2013,01,10,SHFE,FU,FU1304,154450,0.0,2.0,15:00:00.500,5050.0
2013,01,10,SHFE,FU,FU1305,40577,2.0,44.0,15:00:00.500,5099.0
2013,01,10,SHFE,FU,FU1306,272304,0.0,0.0,15:00:00.500,4961.0
2013,01,10,SHFE,FU,FU1307,242548,0.0,0.0,15:00:00.500,4961.0
2013,01,10,SHFE,FU,FU1308,214317,0.0,0.0,15:00:00.500,5071.0
2013,01,10,SHFE,FU,FU1309,5678,0.0,0.0,15:00:00.500,5094.0
2013,01,10,SHFE,FU,FU1310,87,0,0,0,0
2013,01,10,SHFE,FU,FU1311,87,0,0,0,0
2013,01,10,SHFE,FU,FU1312,501,0.0,0.0,13:30:01.0,5029.0
2013,01,11,SHFE,FU,FU1303,23060,0.0,6.0,15:00:00.500,5150.0
2013,01,11,SHFE,FU,FU1304,151829,0.0,2.0,15:00:00.500,5050.0
2013,01,11,SHFE,FU,FU1305,51629,8.0,44.0,15:00:00.500,5060.0
2013,01,11,SHFE,FU,FU1306,272552,2.0,2.0,15:00:00.500,5258.0
2013,01,11,SHFE,FU,FU1307,245131,0.0,0.0,15:00:00.500,4961.0
2013,01,11,SHFE,FU,FU1308,206503,0.0,0.0,15:00:00.500,5071.0
2013,01,11,SHFE,FU,FU1309,26753,2.0,2.0,15:00:00.500,5365.0
2013,01,11,SHFE,FU,FU1310,87,0,0,0,0
2013,01,11,SHFE,FU,FU1311,87,0,0,0,0
2013,01,11,SHFE,FU,FU1312,677,0.0,0.0,13:30:01.500,5021.0
2013,01,14,SHFE,FU,FU1303,5893,0.0,6.0,15:00:00.500,5150.0
2013,01,14,SHFE,FU,FU1304,188782,0.0,2.0,15:00:00.500,5050.0
2013,01,14,SHFE,FU,FU1305,69620,10.0,42.0,15:00:00.500,5082.0
2013,01,14,SHFE,FU,FU1306,250875,0.0,2.0,15:00:00.500,5258.0
2013,01,14,SHFE,FU,FU1307,266108,0.0,0.0,15:00:00.500,4961.0
2013,01,14,SHFE,FU,FU1308,249093,0.0,0.0,15:00:00.500,5071.0
2013,01,14,SHFE,FU,FU1309,27850,0.0,2.0,15:00:00.500,5365.0
2013,01,14,SHFE,FU,FU1310,87,0,0,0,0
2013,01,14,SHFE,FU,FU1311,87,0,0,0,0
2013,01,14,SHFE,FU,FU1312,441,0.0,0.0,13:30:01.0,5288.0
2013,01,15,SHFE,FU,FU1303,1942,0.0,6.0,15:00:00.500,5150.0
2013,01,15,SHFE,FU,FU1304,190977,0.0,2.0,15:00:00.500,5050.0
2013,01,15,SHFE,FU,FU1305,20659,0.0,42.0,15:00:00.500,5082.0
2013,01,15,SHFE,FU,FU1306,265733,0.0,2.0,15:00:00.500,5258.0
2013,01,15,SHFE,FU,FU1307,255400,0.0,0.0,15:00:00.500,4961.0
2013,01,15,SHFE,FU,FU1308,181403,0.0,0.0,15:00:00.500,5071.0
2013,01,15,SHFE,FU,FU1309,7569,0.0,2.0,15:00:00.500,5374.0
2013,01,15,SHFE,FU,FU1310,87,0,0,0,0
2013,01,15,SHFE,FU,FU1311,87,0,0,0,0
2013,01,15,SHFE,FU,FU1312,501,0.0,0.0,13:30:01.500,5297.0
2013,01,16,SHFE,FU,FU1303,28704,0.0,6.0,15:00:00.500,5150.0
2013,01,16,SHFE,FU,FU1304,215132,0.0,2.0,15:00:00.500,5050.0
2013,01,16,SHFE,FU,FU1305,59041,12.0,40.0,15:00:00.500,5119.0
2013,01,16,SHFE,FU,FU1306,255698,0.0,2.0,15:00:00.500,5258.0
2013,01,16,SHFE,FU,FU1307,256023,0.0,0.0,15:00:00.500,4961.0
2013,01,16,SHFE,FU,FU1308,241481,0.0,0.0,15:00:00.500,5071.0
2013,01,16,SHFE,FU,FU1309,25077,0.0,2.0,15:00:00.500,5374.0
2013,01,16,SHFE,FU,FU1310,87,0,0,0,0
2013,01,16,SHFE,FU,FU1311,87,0,0,0,0
2013,01,16,SHFE,FU,FU1312,443,0.0,0.0,10:30:03.0,5297.0
2013,01,17,SHFE,FU,FU1303,44136,6.0,6.0,15:00:00.500,4841.0
2013,01,17,SHFE,FU,FU1304,168553,0.0,2.0,15:00:00.500,5050.0
2013,01,17,SHFE,FU,FU1305,41607,4.0,42.0,15:00:00.500,5089.0
2013,01,17,SHFE,FU,FU1306,227586,0.0,2.0,15:00:00.500,5258.0
2013,01,17,SHFE,FU,FU1307,243944,0.0,0.0,15:00:00.500,4961.0
2013,01,17,SHFE,FU,FU1308,240166,0.0,0.0,15:00:00.500,5071.0
2013,01,17,SHFE,FU,FU1309,10181,0.0,2.0,15:00:00.500,5378.0
2013,01,17,SHFE,FU,FU1310,87,0,0,0,0
2013,01,17,SHFE,FU,FU1311,87,0,0,0,0
2013,01,17,SHFE,FU,FU1312,561,0.0,0.0,13:30:01.0,5301.0
2013,01,18,SHFE,FU,FU1303,22079,0.0,6.0,15:00:00.500,4841.0
2013,01,18,SHFE,FU,FU1304,231437,0.0,2.0,15:00:00.500,5050.0
2013,01,18,SHFE,FU,FU1305,33447,2.0,42.0,15:00:00.500,5134.0
2013,01,18,SHFE,FU,FU1306,255731,6.0,2.0,15:00:00.500,5200.0
2013,01,18,SHFE,FU,FU1307,232390,0.0,0.0,15:00:00.500,4961.0
2013,01,18,SHFE,FU,FU1308,264299,0.0,0.0,15:00:00.500,5071.0
2013,01,18,SHFE,FU,FU1309,22422,0.0,2.0,15:00:00.500,5385.0
2013,01,18,SHFE,FU,FU1310,87,0,0,0,0
2013,01,18,SHFE,FU,FU1311,87,0,0,0,0
2013,01,18,SHFE,FU,FU1312,739,0.0,0.0,10:30:03.0,5308.0
2013,01,21,SHFE,FU,FU1303,20166,0.0,6.0,15:00:00.500,4950.0
2013,01,21,SHFE,FU,FU1304,264754,0.0,2.0,15:00:00.500,5050.0
2013,01,21,SHFE,FU,FU1305,53528,6.0,44.0,15:00:00.500,5169.0
2013,01,21,SHFE,FU,FU1306,240293,0.0,2.0,15:00:00.500,5200.0
2013,01,21,SHFE,FU,FU1307,254281,0.0,0.0,15:00:00.500,4961.0
2013,01,21,SHFE,FU,FU1308,263458,0.0,0.0,15:00:00.500,5071.0
2013,01,21,SHFE,FU,FU1309,19232,0.0,2.0,15:00:00.500,5349.0
2013,01,21,SHFE,FU,FU1310,87,0,0,0,0
2013,01,21,SHFE,FU,FU1311,87,0,0,0,0
2013,01,21,SHFE,FU,FU1312,739,0.0,0.0,13:30:03.500,5273.0
2013,01,22,SHFE,FU,FU1303,10907,4.0,2.0,15:00:00.500,4910.0
2013,01,22,SHFE,FU,FU1304,195340,0.0,2.0,15:00:00.500,5050.0
2013,01,22,SHFE,FU,FU1305,20231,2.0,42.0,15:00:00.500,5123.0
2013,01,22,SHFE,FU,FU1306,154843,0.0,2.0,15:00:00.500,5223.0
2013,01,22,SHFE,FU,FU1307,248900,0.0,0.0,15:00:00.500,4988.0
2013,01,22,SHFE,FU,FU1308,256194,0.0,0.0,15:00:00.500,5071.0
2013,01,22,SHFE,FU,FU1309,4161,0.0,2.0,15:00:00.500,5378.0
2013,01,22,SHFE,FU,FU1310,87,0,0,0,0
2013,01,22,SHFE,FU,FU1311,87,0,0,0,0
2013,01,22,SHFE,FU,FU1312,623,0.0,0.0,13:30:01.0,5302.0
2013,01,23,SHFE,FU,FU1303,18408,0.0,2.0,15:00:00.500,4910.0
2013,01,23,SHFE,FU,FU1304,209825,0.0,2.0,15:00:00.500,5050.0
2013,01,23,SHFE,FU,FU1305,41391,4.0,38.0,15:00:00.500,5115.0
2013,01,23,SHFE,FU,FU1306,144630,0.0,2.0,15:00:00.500,5223.0
2013,01,23,SHFE,FU,FU1307,246493,0.0,0.0,15:00:00.500,4988.0
2013,01,23,SHFE,FU,FU1308,244016,0.0,0.0,15:00:00.500,5071.0
2013,01,23,SHFE,FU,FU1309,30113,0.0,2.0,15:00:00.500,5337.0
2013,01,23,SHFE,FU,FU1310,617,0.0,0.0,13:58:35.0,5261.0
2013,01,23,SHFE,FU,FU1311,263,0.0,0.0,09:23:16.0,5261.0
2013,01,23,SHFE,FU,FU1312,501,0.0,0.0,13:30:01.500,5261.0
2013,01,24,SHFE,FU,FU1303,13407,0.0,2.0,15:00:00.500,4910.0
2013,01,24,SHFE,FU,FU1304,190770,0.0,2.0,15:00:00.500,5050.0
2013,01,24,SHFE,FU,FU1305,14171,2.0,40.0,15:00:00.500,5133.0
2013,01,24,SHFE,FU,FU1306,153162,0.0,2.0,15:00:00.500,5223.0
2013,01,24,SHFE,FU,FU1307,252487,0.0,0.0,15:00:00.500,4988.0
2013,01,24,SHFE,FU,FU1308,248432,0.0,0.0,15:00:00.500,5071.0
2013,01,24,SHFE,FU,FU1309,12342,0.0,2.0,15:00:00.500,5327.0
2013,01,24,SHFE,FU,FU1310,87,0,0,0,0
2013,01,24,SHFE,FU,FU1311,87,0,0,0,0
2013,01,24,SHFE,FU,FU1312,857,0.0,0.0,13:30:03.500,5255.0
2013,01,25,SHFE,FU,FU1303,92773,0.0,2.0,15:00:00.500,4910.0
2013,01,25,SHFE,FU,FU1304,298314,0.0,2.0,15:00:00.500,5050.0
2013,01,25,SHFE,FU,FU1305,39333,74.0,42.0,15:00:00.500,5067.0
2013,01,25,SHFE,FU,FU1306,219995,0.0,2.0,15:00:00.500,5223.0
2013,01,25,SHFE,FU,FU1307,262720,0.0,0.0,15:00:00.500,5003.0
2013,01,25,SHFE,FU,FU1308,219354,0.0,0.0,15:00:00.500,5071.0
2013,01,25,SHFE,FU,FU1309,35029,0.0,2.0,15:00:00.500,5343.0
2013,01,25,SHFE,FU,FU1310,1093,0.0,0.0,15:00:00.500,5271.0
2013,01,25,SHFE,FU,FU1311,857,0.0,0.0,15:00:00.500,5271.0
2013,01,25,SHFE,FU,FU1312,3014,0.0,0.0,15:00:00.500,5271.0
2013,01,28,SHFE,FU,FU1303,37103,0.0,2.0,15:00:00.500,4910.0
2013,01,28,SHFE,FU,FU1304,227744,0.0,2.0,15:00:00.500,5050.0
2013,01,28,SHFE,FU,FU1305,60978,12.0,34.0,15:00:00.500,5100.0
2013,01,28,SHFE,FU,FU1306,251542,0.0,2.0,15:00:00.500,5223.0
2013,01,28,SHFE,FU,FU1307,224088,0.0,0.0,15:00:00.500,5053.0
2013,01,28,SHFE,FU,FU1308,259846,0.0,0.0,15:00:00.500,5071.0
2013,01,28,SHFE,FU,FU1309,32089,0.0,2.0,15:00:00.500,5290.0
2013,01,28,SHFE,FU,FU1310,977,0.0,0.0,15:00:00.500,5324.0
2013,01,28,SHFE,FU,FU1311,1190,0.0,0.0,15:00:00.500,5324.0
2013,01,28,SHFE,FU,FU1312,2657,0.0,0.0,15:00:00.500,5271.0
2013,01,29,SHFE,FU,FU1303,91339,0.0,2.0,15:00:00.500,4910.0
2013,01,29,SHFE,FU,FU1304,182214,0.0,2.0,15:00:00.500,5050.0
2013,01,29,SHFE,FU,FU1305,39196,12.0,36.0,15:00:00.500,5151.0
2013,01,29,SHFE,FU,FU1306,197628,0.0,2.0,15:00:00.500,5223.0
2013,01,29,SHFE,FU,FU1307,212651,0.0,0.0,15:00:00.500,5053.0
2013,01,29,SHFE,FU,FU1308,211347,0.0,0.0,15:00:00.500,5071.0
2013,01,29,SHFE,FU,FU1309,3273,0.0,2.0,15:00:00.500,5211.0
2013,01,29,SHFE,FU,FU1310,507,0.0,0.0,15:00:00.500,5245.0
2013,01,29,SHFE,FU,FU1311,507,0.0,0.0,15:00:00.500,5245.0
2013,01,29,SHFE,FU,FU1312,931,0.0,0.0,15:00:00.500,5193.0
2013,01,30,SHFE,FU,FU1303,14166,0.0,2.0,15:00:00.500,4910.0
2013,01,30,SHFE,FU,FU1304,45194,2.0,0.0,15:00:00.500,5040.0
2013,01,30,SHFE,FU,FU1305,42330,10.0,36.0,15:00:00.500,5220.0
2013,01,30,SHFE,FU,FU1306,264493,0.0,2.0,15:00:00.500,5223.0
2013,01,30,SHFE,FU,FU1307,254734,0.0,0.0,15:00:00.500,5053.0
2013,01,30,SHFE,FU,FU1308,259799,0.0,0.0,15:00:00.500,5071.0
2013,01,30,SHFE,FU,FU1309,53988,2.0,2.0,15:00:00.500,5321.0
2013,01,30,SHFE,FU,FU1310,565,0.0,0.0,15:00:00.500,5296.0
2013,01,30,SHFE,FU,FU1311,87,0,0,0,0
2013,01,30,SHFE,FU,FU1312,1095,0.0,0.0,15:00:00.500,5244.0
2013,01,31,SHFE,FU,FU1303,325,0.0,2.0,15:00:00.500,4910.0
2013,01,31,SHFE,FU,FU1304,31600,0.0,0.0,15:00:00.500,5040.0
2013,01,31,SHFE,FU,FU1305,36023,2.0,34.0,15:00:00.500,5204.0
2013,01,31,SHFE,FU,FU1306,178000,0.0,2.0,15:00:00.500,5223.0
2013,01,31,SHFE,FU,FU1307,215026,0.0,0.0,15:00:00.500,5099.0
2013,01,31,SHFE,FU,FU1308,252216,0.0,0.0,15:00:00.500,5071.0
2013,01,31,SHFE,FU,FU1309,82652,4.0,0.0,15:00:00.500,5200.0
2013,01,31,SHFE,FU,FU1310,87,0,0,0,0
2013,01,31,SHFE,FU,FU1311,87,0,0,0,0
2013,01,31,SHFE,FU,FU1312,681,0.0,0.0,13:30:03.500,5302.0
2013,01,04,SHFE,PB,PB1301,38679,112.0,1638.0,15:00:00.500,15090.0
2013,01,04,SHFE,PB,PB1302,51053,402.0,2388.0,15:00:00.500,15250.0
2013,01,04,SHFE,PB,PB1303,56235,366.0,1748.0,15:00:00.500,15410.0
2013,01,04,SHFE,PB,PB1304,64252,34.0,154.0,15:00:00.500,15535.0
2013,01,04,SHFE,PB,PB1305,79509,0.0,2.0,15:00:00.500,15615.0
2013,01,04,SHFE,PB,PB1306,44372,0.0,12.0,15:00:00.500,15580.0
2013,01,04,SHFE,PB,PB1307,141995,0.0,6.0,15:00:00.500,15600.0
2013,01,04,SHFE,PB,PB1308,140699,0.0,4.0,15:00:00.500,15790.0
2013,01,04,SHFE,PB,PB1309,140821,0.0,0.0,14:59:51.500,15790.0
2013,01,04,SHFE,PB,PB1310,101315,0.0,2.0,15:00:00.500,15800.0
2013,01,04,SHFE,PB,PB1311,3015,0.0,6.0,15:00:00.500,15815.0
2013,01,04,SHFE,PB,PB1312,6505,0.0,2.0,15:00:00.500,15915.0
2013,01,07,SHFE,PB,PB1301,25026,138.0,1644.0,15:00:00.500,15060.0
2013,01,07,SHFE,PB,PB1302,47428,266.0,2344.0,15:00:00.500,15170.0
2013,01,07,SHFE,PB,PB1303,48863,258.0,1814.0,15:00:00.500,15330.0
2013,01,07,SHFE,PB,PB1304,51551,166.0,304.0,15:00:00.500,15475.0
2013,01,07,SHFE,PB,PB1305,180221,2.0,4.0,15:00:00.500,15550.0
2013,01,07,SHFE,PB,PB1306,68215,0.0,12.0,15:00:00.500,15580.0
2013,01,07,SHFE,PB,PB1307,109251,0.0,6.0,15:00:00.500,15635.0
2013,01,07,SHFE,PB,PB1308,93185,0.0,4.0,15:00:00.500,15825.0
2013,01,07,SHFE,PB,PB1309,278259,0.0,0.0,14:59:52.0,15825.0
2013,01,07,SHFE,PB,PB1310,127275,0.0,2.0,15:00:00.500,15835.0
2013,01,07,SHFE,PB,PB1311,4547,0.0,6.0,15:00:00.500,15815.0
2013,01,07,SHFE,PB,PB1312,2749,0.0,2.0,15:00:00.500,15950.0
2013,01,08,SHFE,PB,PB1301,14888,96.0,1640.0,15:00:00.500,15000.0
2013,01,08,SHFE,PB,PB1302,35588,134.0,2288.0,15:00:00.500,15120.0
2013,01,08,SHFE,PB,PB1303,34906,118.0,1856.0,15:00:00.500,15270.0
2013,01,08,SHFE,PB,PB1304,115624,92.0,386.0,15:00:00.500,15420.0
2013,01,08,SHFE,PB,PB1305,111549,0.0,4.0,15:00:00.500,15550.0
2013,01,08,SHFE,PB,PB1306,60541,0.0,12.0,15:00:00.500,15580.0
2013,01,08,SHFE,PB,PB1307,70007,0.0,6.0,15:00:00.500,15565.0
2013,01,08,SHFE,PB,PB1308,105161,0.0,4.0,15:00:00.500,15755.0
2013,01,08,SHFE,PB,PB1309,186153,0.0,0.0,14:59:51.0,15755.0
2013,01,08,SHFE,PB,PB1310,100833,0.0,2.0,15:00:00.500,15765.0
2013,01,08,SHFE,PB,PB1311,4935,0.0,6.0,15:00:00.500,15815.0
2013,01,08,SHFE,PB,PB1312,4975,0.0,2.0,15:00:00.500,15880.0
2013,01,09,SHFE,PB,PB1301,21100,104.0,1614.0,15:00:00.500,15000.0
2013,01,09,SHFE,PB,PB1302,22952,124.0,2210.0,15:00:00.500,15125.0
2013,01,09,SHFE,PB,PB1303,25220,148.0,1870.0,15:00:00.500,15260.0
2013,01,09,SHFE,PB,PB1304,48531,182.0,554.0,15:00:00.500,15415.0
2013,01,09,SHFE,PB,PB1305,92475,0.0,4.0,15:00:00.500,15550.0
2013,01,09,SHFE,PB,PB1306,58561,0.0,12.0,15:00:00.500,15580.0
2013,01,09,SHFE,PB,PB1307,52843,0.0,6.0,15:00:00.500,15565.0
2013,01,09,SHFE,PB,PB1308,93977,0.0,4.0,15:00:00.500,15720.0
2013,01,09,SHFE,PB,PB1309,209557,0.0,0.0,14:59:50.500,15720.0
2013,01,09,SHFE,PB,PB1310,98699,0.0,2.0,15:00:00.500,15730.0
2013,01,09,SHFE,PB,PB1311,2317,0.0,6.0,15:00:00.500,15815.0
2013,01,09,SHFE,PB,PB1312,7375,0.0,2.0,15:00:00.500,15845.0
2013,01,10,SHFE,PB,PB1301,39169,304.0,1658.0,15:00:00.500,15100.0
2013,01,10,SHFE,PB,PB1302,31628,136.0,2198.0,15:00:00.500,15200.0
2013,01,10,SHFE,PB,PB1303,36919,86.0,1884.0,15:00:00.500,15340.0
2013,01,10,SHFE,PB,PB1304,81654,52.0,600.0,15:00:00.500,15455.0
2013,01,10,SHFE,PB,PB1305,67581,0.0,4.0,15:00:00.500,15550.0
2013,01,10,SHFE,PB,PB1306,72737,0.0,12.0,15:00:00.500,15580.0
2013,01,10,SHFE,PB,PB1307,32547,0.0,6.0,15:00:00.500,15590.0
2013,01,10,SHFE,PB,PB1308,104535,0.0,4.0,15:00:00.500,15720.0
2013,01,10,SHFE,PB,PB1309,186383,0.0,0.0,15:00:00.500,15670.0
2013,01,10,SHFE,PB,PB1310,38491,0.0,2.0,15:00:00.500,15730.0
2013,01,10,SHFE,PB,PB1311,3183,0.0,6.0,15:00:00.500,15815.0
2013,01,10,SHFE,PB,PB1312,4773,0.0,2.0,15:00:00.500,15845.0
2013,01,11,SHFE,PB,PB1301,9082,112.0,1612.0,15:00:00.500,15070.0
2013,01,11,SHFE,PB,PB1302,30838,172.0,2202.0,15:00:00.500,15190.0
2013,01,11,SHFE,PB,PB1303,30585,270.0,2102.0,15:00:00.500,15345.0
2013,01,11,SHFE,PB,PB1304,120979,56.0,646.0,15:00:00.500,15475.0
2013,01,11,SHFE,PB,PB1305,161025,0.0,4.0,15:00:00.500,15550.0
2013,01,11,SHFE,PB,PB1306,139651,0.0,12.0,15:00:00.500,15580.0
2013,01,11,SHFE,PB,PB1307,67787,0.0,6.0,15:00:00.500,15630.0
2013,01,11,SHFE,PB,PB1308,47385,0.0,4.0,15:00:00.500,15720.0
2013,01,11,SHFE,PB,PB1309,181825,4.0,2.0,15:00:00.500,15950.0
2013,01,11,SHFE,PB,PB1310,29573,0.0,2.0,15:00:00.500,15730.0
2013,01,11,SHFE,PB,PB1311,3637,0.0,6.0,15:00:00.500,15815.0
2013,01,11,SHFE,PB,PB1312,9919,0.0,2.0,15:00:00.500,15845.0
2013,01,14,SHFE,PB,PB1301,6884,70.0,1578.0,15:00:00.500,14960.0
2013,01,14,SHFE,PB,PB1302,35639,206.0,2108.0,15:00:00.500,15110.0
2013,01,14,SHFE,PB,PB1303,36479,222.0,2170.0,15:00:00.500,15270.0
2013,01,14,SHFE,PB,PB1304,54212,130.0,742.0,15:00:00.500,15410.0
2013,01,14,SHFE,PB,PB1305,58019,0.0,4.0,15:00:00.500,15550.0
2013,01,14,SHFE,PB,PB1306,165604,0.0,12.0,15:00:00.500,15580.0
2013,01,14,SHFE,PB,PB1307,93163,0.0,6.0,15:00:00.500,15665.0
2013,01,14,SHFE,PB,PB1308,79281,0.0,4.0,15:00:00.500,15720.0
2013,01,14,SHFE,PB,PB1309,38181,0.0,2.0,15:00:00.500,15950.0
2013,01,14,SHFE,PB,PB1310,92523,0.0,2.0,15:00:00.500,15730.0
2013,01,14,SHFE,PB,PB1311,40419,0.0,6.0,15:00:00.500,15815.0
2013,01,14,SHFE,PB,PB1312,12801,0.0,2.0,14:59:48.0,15740.0
2013,01,15,SHFE,PB,PB1301,7983,134.0,1538.0,15:00:00.500,14850.0
2013,01,15,SHFE,PB,PB1302,44037,208.0,2012.0,15:00:00.500,14970.0
2013,01,15,SHFE,PB,PB1303,45494,270.0,2190.0,15:00:00.500,15130.0
2013,01,15,SHFE,PB,PB1304,51577,252.0,862.0,15:00:00.500,15270.0
2013,01,15,SHFE,PB,PB1305,64843,6.0,4.0,15:00:00.500,15415.0
2013,01,15,SHFE,PB,PB1306,154312,0.0,12.0,15:00:00.500,15580.0
2013,01,15,SHFE,PB,PB1307,85081,0.0,6.0,15:00:00.500,15585.0
2013,01,15,SHFE,PB,PB1308,56409,2.0,6.0,15:00:00.500,15580.0
2013,01,15,SHFE,PB,PB1309,191045,0.0,2.0,14:59:51.500,15650.0
2013,01,15,SHFE,PB,PB1310,198669,0.0,2.0,15:00:00.500,15730.0
2013,01,15,SHFE,PB,PB1311,92179,2.0,4.0,15:00:00.500,15820.0
2013,01,15,SHFE,PB,PB1312,43809,0.0,2.0,15:00:00.500,15660.0
2013,01,16,SHFE,PB,PB1302,26809,164.0,1964.0,15:00:00.500,15020.0
2013,01,16,SHFE,PB,PB1303,28923,124.0,2182.0,15:00:00.500,15170.0
2013,01,16,SHFE,PB,PB1304,37671,130.0,962.0,15:00:00.500,15310.0
2013,01,16,SHFE,PB,PB1305,52155,0.0,4.0,15:00:00.500,15415.0
2013,01,16,SHFE,PB,PB1306,45321,0.0,12.0,15:00:00.500,15555.0
2013,01,16,SHFE,PB,PB1307,48267,0.0,6.0,15:00:00.500,15585.0
2013,01,16,SHFE,PB,PB1308,55385,0.0,6.0,15:00:00.500,15580.0
2013,01,16,SHFE,PB,PB1309,215309,0.0,2.0,15:00:00.500,15510.0
2013,01,16,SHFE,PB,PB1310,197497,0.0,2.0,15:00:00.500,15585.0
2013,01,16,SHFE,PB,PB1311,215387,2.0,4.0,15:00:00.500,15805.0
2013,01,16,SHFE,PB,PB1312,26905,0.0,2.0,15:00:00.500,15660.0
2013,01,16,SHFE,PB,PB1401,3569,0.0,0.0,15:00:00.500,15660.0
2013,01,17,SHFE,PB,PB1302,29402,356.0,1750.0,15:00:00.500,14970.0
2013,01,17,SHFE,PB,PB1303,25490,116.0,2174.0,15:00:00.500,15100.0
2013,01,17,SHFE,PB,PB1304,40134,160.0,1084.0,15:00:00.500,15230.0
2013,01,17,SHFE,PB,PB1305,32873,0.0,4.0,15:00:00.500,15400.0
2013,01,17,SHFE,PB,PB1306,38377,0.0,12.0,15:00:00.500,15555.0
2013,01,17,SHFE,PB,PB1307,25591,0.0,6.0,15:00:00.500,15585.0
2013,01,17,SHFE,PB,PB1308,19255,0.0,6.0,15:00:00.500,15580.0
2013,01,17,SHFE,PB,PB1309,107315,0.0,2.0,15:00:00.500,15515.0
2013,01,17,SHFE,PB,PB1310,59581,0.0,2.0,15:00:00.500,15585.0
2013,01,17,SHFE,PB,PB1311,76015,4.0,4.0,15:00:00.500,15755.0
2013,01,17,SHFE,PB,PB1312,8733,0.0,2.0,15:00:00.500,15660.0
2013,01,17,SHFE,PB,PB1401,6793,0.0,0.0,15:00:00.500,15660.0
2013,01,18,SHFE,PB,PB1302,25270,72.0,1752.0,15:00:00.500,15040.0
2013,01,18,SHFE,PB,PB1303,32255,70.0,2204.0,15:00:00.500,15190.0
2013,01,18,SHFE,PB,PB1304,19640,98.0,1164.0,15:00:00.500,15325.0
2013,01,18,SHFE,PB,PB1305,56082,2.0,4.0,15:00:00.500,15470.0
2013,01,18,SHFE,PB,PB1306,41425,0.0,12.0,15:00:00.500,15555.0
2013,01,18,SHFE,PB,PB1307,34441,0.0,6.0,15:00:00.500,15585.0
2013,01,18,SHFE,PB,PB1308,24783,0.0,6.0,15:00:00.500,15580.0
2013,01,18,SHFE,PB,PB1309,118685,0.0,2.0,14:59:58.0,15465.0
2013,01,18,SHFE,PB,PB1310,68887,0.0,2.0,15:00:00.500,15585.0
2013,01,18,SHFE,PB,PB1311,21555,0.0,4.0,15:00:00.500,15755.0
2013,01,18,SHFE,PB,PB1312,5547,0.0,2.0,15:00:00.500,15610.0
2013,01,18,SHFE,PB,PB1401,7207,0.0,0.0,15:00:00.500,15610.0
2013,01,21,SHFE,PB,PB1302,26562,42.0,1750.0,15:00:00.500,15040.0
2013,01,21,SHFE,PB,PB1303,28235,36.0,2220.0,15:00:00.500,15140.0
2013,01,21,SHFE,PB,PB1304,11841,4.0,1162.0,15:00:00.500,15300.0
2013,01,21,SHFE,PB,PB1305,22313,2.0,6.0,15:00:00.500,15370.0
2013,01,21,SHFE,PB,PB1306,21852,0.0,12.0,15:00:00.500,15625.0
2013,01,21,SHFE,PB,PB1307,14859,0.0,6.0,15:00:00.500,15655.0
2013,01,21,SHFE,PB,PB1308,14853,0.0,6.0,15:00:00.500,15580.0
2013,01,21,SHFE,PB,PB1309,94869,0.0,2.0,15:00:00.500,15535.0
2013,01,21,SHFE,PB,PB1310,14681,0.0,2.0,15:00:00.500,15655.0
2013,01,21,SHFE,PB,PB1311,15611,0.0,4.0,15:00:00.500,15755.0
2013,01,21,SHFE,PB,PB1312,7283,0.0,2.0,15:00:00.500,15680.0
2013,01,21,SHFE,PB,PB1401,34225,0.0,0.0,15:00:00.500,15610.0
2013,01,22,SHFE,PB,PB1302,57272,444.0,1678.0,15:00:00.500,15070.0
2013,01,22,SHFE,PB,PB1303,61769,400.0,2286.0,15:00:00.500,15205.0
2013,01,22,SHFE,PB,PB1304,52848,312.0,1436.0,15:00:00.500,15360.0
2013,01,22,SHFE,PB,PB1305,57603,2.0,6.0,15:00:00.500,15480.0
2013,01,22,SHFE,PB,PB1306,61286,4.0,16.0,15:00:00.500,15540.0
2013,01,22,SHFE,PB,PB1307,85369,144.0,100.0,15:00:00.500,15760.0
2013,01,22,SHFE,PB,PB1308,56005,0.0,6.0,15:00:00.500,15580.0
2013,01,22,SHFE,PB,PB1309,99345,0.0,2.0,15:00:00.500,15430.0
2013,01,22,SHFE,PB,PB1310,83395,0.0,2.0,15:00:00.500,15655.0
2013,01,22,SHFE,PB,PB1311,69459,0.0,4.0,15:00:00.500,15770.0
2013,01,22,SHFE,PB,PB1312,10887,0.0,2.0,15:00:00.500,15685.0
2013,01,22,SHFE,PB,PB1401,45017,0.0,0.0,15:00:00.500,15700.0
2013,01,23,SHFE,PB,PB1302,34592,176.0,1660.0,15:00:00.500,15110.0
2013,01,23,SHFE,PB,PB1303,36815,184.0,2228.0,15:00:00.500,15250.0
2013,01,23,SHFE,PB,PB1304,38256,278.0,1576.0,15:00:00.500,15365.0
2013,01,23,SHFE,PB,PB1305,39640,20.0,26.0,15:00:00.500,15485.0
2013,01,23,SHFE,PB,PB1306,39836,0.0,16.0,15:00:00.500,15540.0
2013,01,23,SHFE,PB,PB1307,21055,10.0,98.0,15:00:00.500,15730.0
2013,01,23,SHFE,PB,PB1308,33377,0.0,6.0,15:00:00.500,15610.0
2013,01,23,SHFE,PB,PB1309,108851,0.0,2.0,15:00:00.500,15610.0
2013,01,23,SHFE,PB,PB1310,34523,0.0,2.0,15:00:00.500,15655.0
2013,01,23,SHFE,PB,PB1311,44615,0.0,4.0,15:00:00.500,15775.0
2013,01,23,SHFE,PB,PB1312,5142,0.0,2.0,15:00:00.500,15790.0
2013,01,23,SHFE,PB,PB1401,18401,0.0,0.0,15:00:00.500,15700.0
2013,01,24,SHFE,PB,PB1302,22468,156.0,1702.0,15:00:00.500,15100.0
2013,01,24,SHFE,PB,PB1303,31576,240.0,2248.0,15:00:00.500,15220.0
2013,01,24,SHFE,PB,PB1304,30933,144.0,1632.0,15:00:00.500,15330.0
2013,01,24,SHFE,PB,PB1305,37481,10.0,32.0,15:00:00.500,15470.0
2013,01,24,SHFE,PB,PB1306,35522,0.0,16.0,15:00:00.500,15540.0
2013,01,24,SHFE,PB,PB1307,28376,22.0,98.0,15:00:00.500,15700.0
2013,01,24,SHFE,PB,PB1308,32349,0.0,6.0,15:00:00.500,15630.0
2013,01,24,SHFE,PB,PB1309,118325,0.0,2.0,15:00:00.500,15500.0
2013,01,24,SHFE,PB,PB1310,28721,0.0,2.0,15:00:00.500,15655.0
2013,01,24,SHFE,PB,PB1311,36345,0.0,4.0,15:00:00.500,15820.0
2013,01,24,SHFE,PB,PB1312,2011,0.0,2.0,15:00:00.500,15810.0
2013,01,24,SHFE,PB,PB1401,18235,0.0,0.0,15:00:00.500,15700.0
2013,01,25,SHFE,PB,PB1302,23008,178.0,1778.0,15:00:00.500,15190.0
2013,01,25,SHFE,PB,PB1303,35912,286.0,2298.0,15:00:00.500,15340.0
2013,01,25,SHFE,PB,PB1304,41639,412.0,1944.0,15:00:00.500,15460.0
2013,01,25,SHFE,PB,PB1305,36297,30.0,56.0,15:00:00.500,15580.0
2013,01,25,SHFE,PB,PB1306,26645,0.0,16.0,15:00:00.500,15540.0
2013,01,25,SHFE,PB,PB1307,38055,28.0,94.0,15:00:00.500,15800.0
2013,01,25,SHFE,PB,PB1308,32875,0.0,6.0,15:00:00.500,15630.0
2013,01,25,SHFE,PB,PB1309,116585,0.0,2.0,15:00:00.500,15480.0
2013,01,25,SHFE,PB,PB1310,30831,0.0,2.0,15:00:00.500,15655.0
2013,01,25,SHFE,PB,PB1311,44853,0.0,4.0,15:00:00.500,15820.0
2013,01,25,SHFE,PB,PB1312,3629,0.0,2.0,15:00:00.500,15790.0
2013,01,25,SHFE,PB,PB1401,42225,0.0,0.0,15:00:00.500,15680.0
2013,01,28,SHFE,PB,PB1302,20782,46.0,1752.0,15:00:00.500,15140.0
2013,01,28,SHFE,PB,PB1303,27524,70.0,2300.0,15:00:00.500,15245.0
2013,01,28,SHFE,PB,PB1304,21915,100.0,1932.0,15:00:00.500,15385.0
2013,01,28,SHFE,PB,PB1305,26795,22.0,72.0,15:00:00.500,15515.0
2013,01,28,SHFE,PB,PB1306,22023,0.0,16.0,15:00:00.500,15640.0
2013,01,28,SHFE,PB,PB1307,29270,0.0,94.0,15:00:00.500,15800.0
2013,01,28,SHFE,PB,PB1308,22671,0.0,6.0,15:00:00.500,15755.0
2013,01,28,SHFE,PB,PB1309,98753,0.0,2.0,15:00:00.500,15545.0
2013,01,28,SHFE,PB,PB1310,22789,0.0,2.0,15:00:00.500,15760.0
2013,01,28,SHFE,PB,PB1311,41333,0.0,4.0,15:00:00.500,15820.0
2013,01,28,SHFE,PB,PB1312,2323,0.0,2.0,15:00:00.500,15870.0
2013,01,28,SHFE,PB,PB1401,28677,0.0,0.0,15:00:00.500,15800.0
2013,01,29,SHFE,PB,PB1302,13884,78.0,1766.0,15:00:00.500,15150.0
2013,01,29,SHFE,PB,PB1303,31345,136.0,2272.0,15:00:00.500,15280.0
2013,01,29,SHFE,PB,PB1304,29145,120.0,1988.0,15:00:00.500,15405.0
2013,01,29,SHFE,PB,PB1305,54866,62.0,124.0,15:00:00.500,15545.0
2013,01,29,SHFE,PB,PB1306,47474,0.0,16.0,15:00:00.500,15640.0
2013,01,29,SHFE,PB,PB1307,56884,4.0,94.0,15:00:00.500,15705.0
2013,01,29,SHFE,PB,PB1308,82293,0.0,6.0,15:00:00.500,15755.0
2013,01,29,SHFE,PB,PB1309,91311,0.0,2.0,15:00:00.500,15475.0
2013,01,29,SHFE,PB,PB1310,42727,0.0,2.0,15:00:00.500,15760.0
2013,01,29,SHFE,PB,PB1311,60567,8.0,4.0,15:00:00.500,16000.0
2013,01,29,SHFE,PB,PB1312,56189,0.0,2.0,15:00:00.500,15910.0
2013,01,29,SHFE,PB,PB1401,32231,0.0,0.0,15:00:00.500,15730.0
2013,01,30,SHFE,PB,PB1302,30609,202.0,1818.0,15:00:00.500,15200.0
2013,01,30,SHFE,PB,PB1303,48735,168.0,2240.0,15:00:00.500,15350.0
2013,01,30,SHFE,PB,PB1304,56479,184.0,2084.0,15:00:00.500,15470.0
2013,01,30,SHFE,PB,PB1305,41881,102.0,190.0,15:00:00.500,15600.0
2013,01,30,SHFE,PB,PB1306,51186,10.0,16.0,15:00:00.500,15775.0
2013,01,30,SHFE,PB,PB1307,37209,0.0,94.0,15:00:00.500,15705.0
2013,01,30,SHFE,PB,PB1308,64511,0.0,6.0,15:00:00.500,15755.0
2013,01,30,SHFE,PB,PB1309,112577,0.0,2.0,15:00:00.500,15395.0
2013,01,30,SHFE,PB,PB1310,55849,4.0,6.0,15:00:00.500,15980.0
2013,01,30,SHFE,PB,PB1311,81887,2.0,4.0,15:00:00.500,16080.0
2013,01,30,SHFE,PB,PB1312,132453,0.0,2.0,15:00:00.500,15950.0
2013,01,30,SHFE,PB,PB1401,51543,0.0,0.0,15:00:00.500,15780.0
2013,01,31,SHFE,PB,PB1302,31506,532.0,2008.0,15:00:00.500,15300.0
2013,01,31,SHFE,PB,PB1303,49445,190.0,2166.0,15:00:00.500,15430.0
2013,01,31,SHFE,PB,PB1304,64171,304.0,2272.0,15:00:00.500,15545.0
2013,01,31,SHFE,PB,PB1305,49327,210.0,340.0,15:00:00.500,15700.0
2013,01,31,SHFE,PB,PB1306,66390,6.0,20.0,15:00:00.500,15840.0
2013,01,31,SHFE,PB,PB1307,122509,0.0,94.0,15:00:00.500,15750.0
2013,01,31,SHFE,PB,PB1308,103997,0.0,6.0,15:00:00.500,15825.0
2013,01,31,SHFE,PB,PB1309,191499,0.0,2.0,15:00:00.500,15510.0
2013,01,31,SHFE,PB,PB1310,49561,0.0,6.0,15:00:00.500,15980.0
2013,01,31,SHFE,PB,PB1311,100113,0.0,4.0,15:00:00.500,16080.0
2013,01,31,SHFE,PB,PB1312,118215,0.0,2.0,15:00:00.500,15950.0
2013,01,31,SHFE,PB,PB1401,116195,0.0,0.0,14:59:49.500,15995.0
2013,01,04,SHFE,RB,RB1301,13295,552.0,19860.0,15:00:00.500,3869.0
2013,01,04,SHFE,RB,RB1302,75647,396.0,4940.0,15:00:00.500,3828.0
2013,01,04,SHFE,RB,RB1303,162427,176.0,2092.0,15:00:00.500,3897.0
2013,01,04,SHFE,RB,RB1304,212712,700.0,3488.0,15:00:00.500,3938.0
2013,01,04,SHFE,RB,RB1305,1894053,2305966.0,1208310.0,15:00:00.500,3990.0
2013,01,04,SHFE,RB,RB1306,221262,238.0,414.0,15:00:00.500,3999.0
2013,01,04,SHFE,RB,RB1307,204634,32.0,146.0,15:00:00.500,3994.0
2013,01,04,SHFE,RB,RB1308,153258,38.0,136.0,15:00:00.500,4001.0
2013,01,04,SHFE,RB,RB1309,194458,546.0,938.0,15:00:00.500,4002.0
2013,01,04,SHFE,RB,RB1310,525950,12624.0,24478.0,15:00:00.500,4028.0
2013,01,04,SHFE,RB,RB1311,252900,28.0,228.0,15:00:00.500,4034.0
2013,01,04,SHFE,RB,RB1312,122767,10.0,12.0,15:00:00.500,4027.0
2013,01,07,SHFE,RB,RB1301,19187,660.0,19260.0,15:00:00.500,3880.0
2013,01,07,SHFE,RB,RB1302,103371,78.0,4946.0,15:00:00.500,3827.0
2013,01,07,SHFE,RB,RB1303,159318,108.0,2096.0,15:00:00.500,3915.0
2013,01,07,SHFE,RB,RB1304,166332,86.0,3486.0,15:00:00.500,3959.0
2013,01,07,SHFE,RB,RB1305,1903504,2896484.0,1391860.0,15:00:00.500,4004.0
2013,01,07,SHFE,RB,RB1306,227325,802.0,372.0,15:00:00.500,4007.0
2013,01,07,SHFE,RB,RB1307,166577,18.0,152.0,15:00:00.500,4033.0
2013,01,07,SHFE,RB,RB1308,182555,50.0,142.0,15:00:00.500,4024.0
2013,01,07,SHFE,RB,RB1309,239464,1098.0,968.0,15:00:00.500,4020.0
2013,01,07,SHFE,RB,RB1310,650542,24412.0,32078.0,15:00:00.500,4042.0
2013,01,07,SHFE,RB,RB1311,203137,4.0,230.0,15:00:00.500,4068.0
2013,01,07,SHFE,RB,RB1312,122499,16.0,16.0,15:00:00.500,4045.0
2013,01,08,SHFE,RB,RB1301,17556,1080.0,18600.0,15:00:00.500,3860.0
2013,01,08,SHFE,RB,RB1302,80124,314.0,4846.0,15:00:00.500,3856.0
2013,01,08,SHFE,RB,RB1303,102309,210.0,2202.0,15:00:00.500,3904.0
2013,01,08,SHFE,RB,RB1304,143167,192.0,3540.0,15:00:00.500,3963.0
2013,01,08,SHFE,RB,RB1305,1899939,2523894.0,1372830.0,15:00:00.500,4010.0
2013,01,08,SHFE,RB,RB1306,149059,292.0,372.0,15:00:00.500,4009.0
2013,01,08,SHFE,RB,RB1307,119939,42.0,140.0,15:00:00.500,4024.0
2013,01,08,SHFE,RB,RB1308,116106,18.0,134.0,15:00:00.500,4018.0
2013,01,08,SHFE,RB,RB1309,177728,1104.0,1166.0,15:00:00.500,4022.0
2013,01,08,SHFE,RB,RB1310,562780,17082.0,35554.0,15:00:00.500,4049.0
2013,01,08,SHFE,RB,RB1311,214890,14.0,228.0,15:00:00.500,4050.0
2013,01,08,SHFE,RB,RB1312,137645,6.0,18.0,15:00:00.500,4057.0
2013,01,09,SHFE,RB,RB1301,7356,540.0,18060.0,15:00:00.500,3855.0
2013,01,09,SHFE,RB,RB1302,69987,190.0,4846.0,15:00:00.500,3855.0
2013,01,09,SHFE,RB,RB1303,98375,136.0,2214.0,15:00:00.500,3900.0
2013,01,09,SHFE,RB,RB1304,128633,262.0,3518.0,15:00:00.500,3940.0
2013,01,09,SHFE,RB,RB1305,1896180,2208806.0,1368910.0,15:00:00.500,3998.0
2013,01,09,SHFE,RB,RB1306,150726,254.0,388.0,15:00:00.500,3994.0
2013,01,09,SHFE,RB,RB1307,163477,8.0,140.0,15:00:00.500,3999.0
2013,01,09,SHFE,RB,RB1308,132306,12.0,142.0,15:00:00.500,3990.0
2013,01,09,SHFE,RB,RB1309,145202,560.0,1054.0,15:00:00.500,4011.0
2013,01,09,SHFE,RB,RB1310,527385,14326.0,38436.0,15:00:00.500,4035.0
2013,01,09,SHFE,RB,RB1311,211062,4.0,224.0,15:00:00.500,4029.0
2013,01,09,SHFE,RB,RB1312,94321,10.0,20.0,15:00:00.500,4025.0
2013,01,10,SHFE,RB,RB1301,8956,1980.0,17160.0,15:00:00.500,3825.0
2013,01,10,SHFE,RB,RB1302,42147,442.0,4788.0,15:00:00.500,3875.0
2013,01,10,SHFE,RB,RB1303,81683,210.0,2294.0,15:00:00.500,3916.0
2013,01,10,SHFE,RB,RB1304,180878,310.0,3562.0,15:00:00.500,3969.0
2013,01,10,SHFE,RB,RB1305,1906471,2885508.0,1431690.0,15:00:00.500,4020.0
2013,01,10,SHFE,RB,RB1306,150223,122.0,364.0,15:00:00.500,4016.0
2013,01,10,SHFE,RB,RB1307,160199,4.0,140.0,15:00:00.500,4019.0
2013,01,10,SHFE,RB,RB1308,152800,0.0,142.0,15:00:00.500,3990.0
2013,01,10,SHFE,RB,RB1309,159914,840.0,1078.0,15:00:00.500,4030.0
2013,01,10,SHFE,RB,RB1310,632563,24636.0,47410.0,15:00:00.500,4053.0
2013,01,10,SHFE,RB,RB1311,209646,8.0,228.0,15:00:00.500,4048.0
2013,01,10,SHFE,RB,RB1312,92350,0.0,20.0,14:59:54.0,4025.0
2013,01,11,SHFE,RB,RB1301,8904,1440.0,15840.0,15:00:00.500,3816.0
2013,01,11,SHFE,RB,RB1302,81405,188.0,4814.0,15:00:00.500,3822.0
2013,01,11,SHFE,RB,RB1303,110382,8.0,2290.0,15:00:00.500,3834.0
2013,01,11,SHFE,RB,RB1304,187486,282.0,3536.0,15:00:00.500,3874.0
2013,01,11,SHFE,RB,RB1305,1907962,3186202.0,1280730.0,15:00:00.500,3925.0
2013,01,11,SHFE,RB,RB1306,154085,220.0,342.0,15:00:00.500,3928.0
2013,01,11,SHFE,RB,RB1307,195987,18.0,138.0,15:00:00.500,3933.0
2013,01,11,SHFE,RB,RB1308,139034,16.0,142.0,15:00:00.500,3945.0
2013,01,11,SHFE,RB,RB1309,208983,2174.0,1140.0,15:00:00.500,3934.0
2013,01,11,SHFE,RB,RB1310,800537,48470.0,58494.0,15:00:00.500,3950.0
2013,01,11,SHFE,RB,RB1311,184438,20.0,228.0,15:00:00.500,3938.0
2013,01,11,SHFE,RB,RB1312,110094,20.0,28.0,15:00:00.500,3948.0
2013,01,14,SHFE,RB,RB1301,4533,480.0,15480.0,15:00:00.500,3825.0
2013,01,14,SHFE,RB,RB1302,48211,240.0,4624.0,15:00:00.500,3865.0
2013,01,14,SHFE,RB,RB1303,116917,144.0,2262.0,15:00:00.500,3885.0
2013,01,14,SHFE,RB,RB1304,182781,562.0,3822.0,15:00:00.500,3945.0
2013,01,14,SHFE,RB,RB1305,1912546,3884908.0,1342390.0,15:00:00.500,4004.0
2013,01,14,SHFE,RB,RB1306,178202,644.0,346.0,15:00:00.500,4010.0
2013,01,14,SHFE,RB,RB1307,178159,2.0,138.0,15:00:00.500,4002.0
2013,01,14,SHFE,RB,RB1308,173447,8.0,138.0,14:59:51.0,4002.0
2013,01,14,SHFE,RB,RB1309,221341,1458.0,1140.0,15:00:00.500,4004.0
2013,01,14,SHFE,RB,RB1310,834633,54566.0,62308.0,15:00:00.500,4029.0
2013,01,14,SHFE,RB,RB1311,210285,40.0,226.0,15:00:00.500,4046.0
2013,01,14,SHFE,RB,RB1312,133334,18.0,32.0,15:00:00.500,4030.0
2013,01,15,SHFE,RB,RB1301,2557,540.0,15480.0,15:00:00.500,3850.0
2013,01,15,SHFE,RB,RB1302,29090,40.0,4626.0,15:00:00.500,3848.0
2013,01,15,SHFE,RB,RB1303,92417,46.0,2260.0,15:00:00.500,3861.0
2013,01,15,SHFE,RB,RB1304,153450,218.0,3808.0,15:00:00.500,3919.0
2013,01,15,SHFE,RB,RB1305,1900526,2434790.0,1356300.0,15:00:00.500,3977.0
2013,01,15,SHFE,RB,RB1306,124745,124.0,320.0,15:00:00.500,3980.0
2013,01,15,SHFE,RB,RB1307,194253,18.0,142.0,15:00:00.500,3985.0
2013,01,15,SHFE,RB,RB1308,141357,220.0,140.0,15:00:00.500,3983.0
2013,01,15,SHFE,RB,RB1309,178928,778.0,1120.0,15:00:00.500,3988.0
2013,01,15,SHFE,RB,RB1310,719142,33314.0,66382.0,15:00:00.500,4006.0
2013,01,15,SHFE,RB,RB1311,216072,244.0,178.0,15:00:00.500,4023.0
2013,01,15,SHFE,RB,RB1312,104529,10.0,34.0,15:00:00.500,4004.0
2013,01,16,SHFE,RB,RB1302,32273,112.0,4634.0,15:00:00.500,3828.0
2013,01,16,SHFE,RB,RB1303,111909,286.0,2242.0,15:00:00.500,3828.0
2013,01,16,SHFE,RB,RB1304,155389,496.0,3848.0,15:00:00.500,3868.0
2013,01,16,SHFE,RB,RB1305,1902269,2696402.0,1325570.0,15:00:00.500,3934.0
2013,01,16,SHFE,RB,RB1306,179624,728.0,406.0,15:00:00.500,3940.0
2013,01,16,SHFE,RB,RB1307,192457,4.0,140.0,15:00:00.500,3917.0
2013,01,16,SHFE,RB,RB1308,171449,14.0,140.0,15:00:00.500,3932.0
2013,01,16,SHFE,RB,RB1309,171866,686.0,1172.0,15:00:00.500,3945.0
2013,01,16,SHFE,RB,RB1310,758793,55786.0,79350.0,15:00:00.500,3957.0
2013,01,16,SHFE,RB,RB1311,153758,14.0,168.0,15:00:00.500,3968.0
2013,01,16,SHFE,RB,RB1312,105756,4.0,36.0,15:00:00.500,3959.0
2013,01,16,SHFE,RB,RB1401,18116,12.0,10.0,15:00:00.500,3942.0
2013,01,17,SHFE,RB,RB1302,31535,172.0,4590.0,15:00:00.500,3820.0
2013,01,17,SHFE,RB,RB1303,88819,186.0,2148.0,15:00:00.500,3830.0
2013,01,17,SHFE,RB,RB1304,197863,528.0,3824.0,15:00:00.500,3875.0
2013,01,17,SHFE,RB,RB1305,1894246,2441574.0,1307510.0,15:00:00.500,3946.0
2013,01,17,SHFE,RB,RB1306,188276,170.0,326.0,15:00:00.500,3951.0
2013,01,17,SHFE,RB,RB1307,162488,2.0,140.0,15:00:00.500,3940.0
2013,01,17,SHFE,RB,RB1308,181948,4.0,138.0,15:00:00.500,3935.0
2013,01,17,SHFE,RB,RB1309,193547,754.0,1156.0,15:00:00.500,3950.0
2013,01,17,SHFE,RB,RB1310,734560,38866.0,81944.0,15:00:00.500,3972.0
2013,01,17,SHFE,RB,RB1311,144997,0.0,168.0,15:00:00.500,3968.0
2013,01,17,SHFE,RB,RB1312,110539,8.0,34.0,15:00:00.500,3927.0
2013,01,17,SHFE,RB,RB1401,43857,72.0,18.0,15:00:00.500,3986.0
2013,01,18,SHFE,RB,RB1302,31881,170.0,4678.0,15:00:00.500,3825.0
2013,01,18,SHFE,RB,RB1303,109512,344.0,2260.0,15:00:00.500,3862.0
2013,01,18,SHFE,RB,RB1304,202315,322.0,3862.0,15:00:00.500,3920.0
2013,01,18,SHFE,RB,RB1305,1888298,2346678.0,1286920.0,15:00:00.500,4002.0
2013,01,18,SHFE,RB,RB1306,173624,214.0,324.0,15:00:00.500,3999.0
2013,01,18,SHFE,RB,RB1307,168561,0.0,140.0,15:00:00.500,3940.0
2013,01,18,SHFE,RB,RB1308,147990,0.0,138.0,15:00:00.500,3935.0
2013,01,18,SHFE,RB,RB1309,183406,890.0,1160.0,15:00:00.500,4008.0
2013,01,18,SHFE,RB,RB1310,707500,38484.0,83478.0,15:00:00.500,4025.0
2013,01,18,SHFE,RB,RB1311,143106,12.0,166.0,15:00:00.500,4025.0
2013,01,18,SHFE,RB,RB1312,121719,2.0,34.0,15:00:00.500,3998.0
2013,01,18,SHFE,RB,RB1401,46005,12.0,24.0,15:00:00.500,4010.0
2013,01,21,SHFE,RB,RB1302,24505,330.0,4450.0,15:00:00.500,3820.0
2013,01,21,SHFE,RB,RB1303,84632,350.0,2260.0,15:00:00.500,3826.0
2013,01,21,SHFE,RB,RB1304,165188,134.0,3870.0,15:00:00.500,3894.0
2013,01,21,SHFE,RB,RB1305,1893238,2373354.0,1305800.0,15:00:00.500,3965.0
2013,01,21,SHFE,RB,RB1306,173781,264.0,350.0,15:00:00.500,3987.0
2013,01,21,SHFE,RB,RB1307,139609,0.0,140.0,14:59:51.500,3994.0
2013,01,21,SHFE,RB,RB1308,132249,38.0,166.0,15:00:00.500,3989.0
2013,01,21,SHFE,RB,RB1309,161247,868.0,1228.0,15:00:00.500,3985.0
2013,01,21,SHFE,RB,RB1310,720986,43046.0,83608.0,15:00:00.500,3996.0
2013,01,21,SHFE,RB,RB1311,153848,8.0,172.0,15:00:00.500,4026.0
2013,01,21,SHFE,RB,RB1312,96922,0.0,34.0,15:00:00.500,3998.0
2013,01,21,SHFE,RB,RB1401,40113,4.0,20.0,15:00:00.500,4000.0
2013,01,22,SHFE,RB,RB1302,31192,44.0,4446.0,15:00:00.500,3825.0
2013,01,22,SHFE,RB,RB1303,77407,140.0,2258.0,15:00:00.500,3835.0
2013,01,22,SHFE,RB,RB1304,133373,52.0,3864.0,15:00:00.500,3907.0
2013,01,22,SHFE,RB,RB1305,1898715,2299268.0,1304860.0,15:00:00.500,3987.0
2013,01,22,SHFE,RB,RB1306,166352,158.0,352.0,15:00:00.500,3986.0
2013,01,22,SHFE,RB,RB1307,125447,1866.0,226.0,15:00:00.500,3995.0
2013,01,22,SHFE,RB,RB1308,164692,14.0,156.0,15:00:00.500,3959.0
2013,01,22,SHFE,RB,RB1309,172281,674.0,1262.0,15:00:00.500,3996.0
2013,01,22,SHFE,RB,RB1310,738506,45022.0,85974.0,15:00:00.500,4018.0
2013,01,22,SHFE,RB,RB1311,112345,14.0,168.0,15:00:00.500,4008.0
2013,01,22,SHFE,RB,RB1312,96908,2.0,34.0,15:00:00.500,4002.0
2013,01,22,SHFE,RB,RB1401,19090,2.0,20.0,15:00:00.500,3990.0
2013,01,23,SHFE,RB,RB1302,38938,1540.0,3548.0,15:00:00.500,3870.0
2013,01,23,SHFE,RB,RB1303,83977,238.0,2260.0,15:00:00.500,3883.0
2013,01,23,SHFE,RB,RB1304,160755,212.0,3924.0,15:00:00.500,3967.0
2013,01,23,SHFE,RB,RB1305,1893910,2698600.0,1479670.0,15:00:00.500,4053.0
2013,01,23,SHFE,RB,RB1306,161955,172.0,404.0,15:00:00.500,4048.0
2013,01,23,SHFE,RB,RB1307,149532,22.0,218.0,15:00:00.500,3992.0
2013,01,23,SHFE,RB,RB1308,187592,2.0,156.0,15:00:00.500,3959.0
2013,01,23,SHFE,RB,RB1309,197926,1294.0,1352.0,15:00:00.500,4056.0
2013,01,23,SHFE,RB,RB1310,715091,47482.0,87748.0,15:00:00.500,4081.0
2013,01,23,SHFE,RB,RB1311,102720,2.0,168.0,15:00:00.500,4013.0
2013,01,23,SHFE,RB,RB1312,115764,6.0,38.0,15:00:00.500,4066.0
